|0000|LEIAUTE 17|01012024|31012024|11223344000166|GAMMA DISTRIBUIDORA EIRELI|RS|333333333333||PORTO ALEGRE|4314902|0|0|
|0001|0|
|0005|GAMMA DISTRIBUIDORA EIRELI|XX.XXX.XXX/XXXX-XX|11223344000166|contato@empresa.com.br|(11) 0000-0000|
|0150|55512312300010|FORNECEDOR NACIONAL LTDA|SP|444444444444||||55512312300010||
|0150|77788899000177|CLIENTE VAREJO SA|RJ|555555555555||||77788899000177||
|0150|33366699000100|DISTRIBUIDORA CENTRO OESTE|GO|666666666666||||33366699000100||
|0150|22244466000133|INDUSTRIA DO NORTE LTDA|PA|777777777777||||22244466000133||
|0150|99900011000155|ATACADO SUL COMERCIO|SC|888888888888||||99900011000155||
|0990|9|
|C001|0|
|C100|1|0|11223344000166|55|00|000000001|000|19012024|22012024|6704.47|1825.45|219.05|0.00|0.00|0.00|0.00|0.00|0.00|0.00|0|77788899000177|
|C170|1|PROD007|PARTE SOBRESSALENTE G|35.34|UN|4863.00|5102|30|0.00|12.00|0.00|0.00|0.00|0.00|0.00|0.00|0.00|
|C170|2|PROD007|PARTE SOBRESSALENTE G|22.45|UN|1841.47|5102|51|1825.45|12.00|219.05|0.00|0.00|0.00|0.00|0.00|0.00|
|C100|1|0|11223344000166|55|00|000000002|000|07012024|09012024|57615.04|53803.58|6456.43|0.00|0.00|0.00|0.00|0.00|0.00|0.00|0|77788899000177|
|C170|1|PROD003|MATERIAL BRUTO C|43.83|UN|9074.10|6102|00|8929.24|12.00|1071.51|0.00|0.00|0.00|0.00|0.00|0.00|
|C170|2|PROD005|INSUMO INDUSTRIAL E|2.00|UN|40.82|6102|30|0.00|12.00|0.00|0.00|0.00|0.00|0.00|0.00|0.00|
|C170|3|PROD008|CONJUNTO MONTADO H|49.87|UN|48500.12|6102|51|44874.34|12.00|5384.92|0.00|0.00|0.00|0.00|0.00|0.00|
|C100|1|0|11223344000166|55|00|000000003|000|18012024|20012024|9059.04|7879.39|945.53|0.00|0.00|0.00|0.00|0.00|0.00|0.00|0|77788899000177|
|C170|1|PROD008|CONJUNTO MONTADO H|8.53|UN|9059.04|5401|20|7879.39|12.00|945.53|0.00|0.00|0.00|0.00|0.00|0.00|
|C100|1|0|11223344000166|55|00|000000004|000|18012024|20012024|45484.91|2972.73|356.73|0.00|0.00|0.00|0.00|0.00|0.00|0.00|0|22244466000133|
|C170|1|PROD001|PECA MECANICA TIPO A|40.57|UN|3329.10|6101|00|2972.73|12.00|356.73|0.00|0.00|0.00|0.00|0.00|0.00|
|C170|2|PROD008|CONJUNTO MONTADO H|16.99|UN|16007.70|6101|60|0.00|12.00|0.00|0.00|0.00|0.00|0.00|0.00|0.00|
|C170|3|PROD008|CONJUNTO MONTADO H|32.02|UN|26148.11|6101|60|0.00|12.00|0.00|0.00|0.00|0.00|0.00|0.00|0.00|
|C100|1|0|11223344000166|55|00|000000005|000|27012024|30012024|8792.54|4974.90|596.99|0.00|0.00|0.00|0.00|0.00|0.00|0.00|0|55512312300010|
|C170|1|PROD007|PARTE SOBRESSALENTE G|34.47|UN|2795.27|5101|40|0.00|12.00|0.00|0.00|0.00|0.00|0.00|0.00|0.00|
|C170|2|PROD007|PARTE SOBRESSALENTE G|30.11|UN|3700.82|5101|20|3413.11|12.00|409.57|0.00|0.00|0.00|0.00|0.00|0.00|
|C170|3|PROD002|COMPONENTE ELETRICO B|39.82|UN|1498.86|5101|00|1344.64|12.00|161.36|0.00|0.00|0.00|0.00|0.00|0.00|
|C170|4|PROD005|INSUMO INDUSTRIAL E|16.36|UN|247.56|5101|00|217.15|12.00|26.06|0.00|0.00|0.00|0.00|0.00|0.00|
|C170|5|PROD001|PECA MECANICA TIPO A|9.33|UN|550.03|5101|30|0.00|12.00|0.00|0.00|0.00|0.00|0.00|0.00|0.00|
|C100|1|0|11223344000166|55|00|000000006|000|20012024|20012024|11377.21|9973.61|1196.83|0.00|0.00|0.00|0.00|0.00|0.00|0.00|0|22244466000133|
|C170|1|PROD007|PARTE SOBRESSALENTE G|45.35|UN|6228.96|5102|00|5450.11|12.00|654.01|0.00|0.00|0.00|0.00|0.00|0.00|
|C170|2|PROD007|PARTE SOBRESSALENTE G|8.04|UN|839.17|5102|00|722.28|12.00|86.67|0.00|0.00|0.00|0.00|0.00|0.00|
|C170|3|PROD007|PARTE SOBRESSALENTE G|38.70|UN|4309.08|5102|00|3801.22|12.00|456.15|0.00|0.00|0.00|0.00|0.00|0.00|
|C100|1|0|11223344000166|55|00|000000007|000|30012024|30012024|40179.18|37556.22|4506.75|0.00|0.00|0.00|0.00|0.00|0.00|0.00|0|99900011000155|
|C170|1|PROD005|INSUMO INDUSTRIAL E|9.04|UN|303.02|5401|00|265.59|12.00|31.87|0.00|0.00|0.00|0.00|0.00|0.00|
|C170|2|PROD005|INSUMO INDUSTRIAL E|47.03|UN|1087.85|5401|41|0.00|12.00|0.00|0.00|0.00|0.00|0.00|0.00|0.00|
|C170|3|PROD005|INSUMO INDUSTRIAL E|49.34|UN|899.43|5401|40|0.00|12.00|0.00|0.00|0.00|0.00|0.00|0.00|0.00|
|C170|4|PROD006|EMBALAGEM PADRAO F|22.79|UN|121.25|5401|40|0.00|12.00|0.00|0.00|0.00|0.00|0.00|0.00|0.00|
|C170|5|PROD008|CONJUNTO MONTADO H|38.54|UN|37767.63|5401|00|37290.63|12.00|4474.88|0.00|0.00|0.00|0.00|0.00|0.00|
|C100|1|0|11223344000166|55|00|000000008|000|08012024|09012024|1243.37|379.24|45.51|0.00|0.00|0.00|0.00|0.00|0.00|0.00|0|55512312300010|
|C170|1|PROD006|EMBALAGEM PADRAO F|39.18|UN|290.31|5403|10|259.91|12.00|31.19|0.00|0.00|0.00|0.00|0.00|0.00|
|C170|2|PROD006|EMBALAGEM PADRAO F|22.88|UN|139.13|5403|00|119.33|12.00|14.32|0.00|0.00|0.00|0.00|0.00|0.00|
|C170|3|PROD002|COMPONENTE ELETRICO B|13.94|UN|813.93|5403|40|0.00|12.00|0.00|0.00|0.00|0.00|0.00|0.00|0.00|
|C100|1|0|11223344000166|55|00|000000009|000|16012024|18012024|40583.89|35822.03|4298.64|0.00|0.00|0.00|0.00|0.00|0.00|0.00|0|99900011000155|
|C170|1|PROD008|CONJUNTO MONTADO H|31.05|UN|40436.22|5401|00|35695.35|12.00|4283.44|0.00|0.00|0.00|0.00|0.00|0.00|
|C170|2|PROD006|EMBALAGEM PADRAO F|13.40|UN|147.67|5401|10|126.68|12.00|15.20|0.00|0.00|0.00|0.00|0.00|0.00|
|C100|1|0|11223344000166|55|00|000000010|000|26012024|29012024|8208.80|7775.71|933.09|0.00|0.00|0.00|0.00|0.00|0.00|0.00|0|77788899000177|
|C170|1|PROD002|COMPONENTE ELETRICO B|45.33|UN|3840.93|5401|00|3644.32|12.00|437.32|0.00|0.00|0.00|0.00|0.00|0.00|
|C170|2|PROD001|PECA MECANICA TIPO A|41.71|UN|4367.87|5401|00|4131.39|12.00|495.77|0.00|0.00|0.00|0.00|0.00|0.00|
|C100|1|0|11223344000166|55|00|000000011|000|16012024|17012024|28999.12|26211.73|3145.41|0.00|0.00|0.00|0.00|0.00|0.00|0.00|0|22244466000133|
|C170|1|PROD004|PRODUTO ACABADO D|22.65|UN|16612.25|5403|00|15948.42|12.00|1913.81|0.00|0.00|0.00|0.00|0.00|0.00|
|C170|2|PROD003|MATERIAL BRUTO C|37.01|UN|9999.53|5403|00|8848.50|12.00|1061.82|0.00|0.00|0.00|0.00|0.00|0.00|
|C170|3|PROD005|INSUMO INDUSTRIAL E|49.80|UN|1421.15|5403|20|1414.81|12.00|169.78|0.00|0.00|0.00|0.00|0.00|0.00|
|C170|4|PROD005|INSUMO INDUSTRIAL E|48.36|UN|966.19|5403|30|0.00|12.00|0.00|0.00|0.00|0.00|0.00|0.00|0.00|
|C100|1|0|11223344000166|55|00|000000012|000|30012024|01022024|7330.11|0.00|0.00|0.00|0.00|0.00|0.00|0.00|0.00|0.00|0|99900011000155|
|C170|1|PROD003|MATERIAL BRUTO C|30.11|UN|7330.11|6102|50|0.00|12.00|0.00|0.00|0.00|0.00|0.00|0.00|0.00|
|C100|1|0|11223344000166|55|00|000000013|000|25012024|25012024|15345.04|25.97|3.12|0.00|0.00|0.00|0.00|0.00|0.00|0.00|0|22244466000133|
|C170|1|PROD004|PRODUTO ACABADO D|26.70|UN|15315.92|6101|40|0.00|12.00|0.00|0.00|0.00|0.00|0.00|0.00|0.00|
|C170|2|PROD006|EMBALAGEM PADRAO F|3.15|UN|29.12|6101|20|25.97|12.00|3.12|0.00|0.00|0.00|0.00|0.00|0.00|
|C100|1|0|11223344000166|55|00|000000014|000|29012024|31012024|8599.27|8145.10|977.41|0.00|0.00|0.00|0.00|0.00|0.00|0.00|0|55512312300010|
|C170|1|PROD003|MATERIAL BRUTO C|23.27|UN|6144.07|5102|51|5882.91|12.00|705.95|0.00|0.00|0.00|0.00|0.00|0.00|
|C170|2|PROD002|COMPONENTE ELETRICO B|45.00|UN|2455.20|5102|00|2262.19|12.00|271.46|0.00|0.00|0.00|0.00|0.00|0.00|
|C100|1|0|11223344000166|55|00|000000015|000|03012024|03012024|42787.82|10837.54|1300.50|0.00|0.00|0.00|0.00|0.00|0.00|0.00|0|55512312300010|
|C170|1|PROD006|EMBALAGEM PADRAO F|23.52|UN|166.07|5403|00|143.95|12.00|17.27|0.00|0.00|0.00|0.00|0.00|0.00|
|C170|2|PROD003|MATERIAL BRUTO C|44.61|UN|11953.96|5403|10|10693.59|12.00|1283.23|0.00|0.00|0.00|0.00|0.00|0.00|
|C170|3|PROD004|PRODUTO ACABADO D|34.89|UN|30667.79|5403|41|0.00|12.00|0.00|0.00|0.00|0.00|0.00|0.00|0.00|
|C100|1|0|11223344000166|55|00|000000016|000|02012024|05012024|72817.96|222.16|26.66|0.00|0.00|0.00|0.00|0.00|0.00|0.00|0|99900011000155|
|C170|1|PROD004|PRODUTO ACABADO D|26.25|UN|16084.69|5101|50|0.00|12.00|0.00|0.00|0.00|0.00|0.00|0.00|0.00|
|C170|2|PROD004|PRODUTO ACABADO D|48.88|UN|47527.51|5101|40|0.00|12.00|0.00|0.00|0.00|0.00|0.00|0.00|0.00|
|C170|3|PROD008|CONJUNTO MONTADO H|7.64|UN|8957.65|5101|40|0.00|12.00|0.00|0.00|0.00|0.00|0.00|0.00|0.00|
|C170|4|PROD006|EMBALAGEM PADRAO F|48.94|UN|248.11|5101|00|222.16|12.00|26.66|0.00|0.00|0.00|0.00|0.00|0.00|
|C100|1|0|11223344000166|55|00|000000017|000|16012024|16012024|5537.53|1101.86|132.22|0.00|0.00|0.00|0.00|0.00|0.00|0.00|0|99900011000155|
|C170|1|PROD007|PARTE SOBRESSALENTE G|31.23|UN|2983.78|5401|41|0.00|12.00|0.00|0.00|0.00|0.00|0.00|0.00|0.00|
|C170|2|PROD001|PECA MECANICA TIPO A|12.26|UN|1422.52|5401|70|0.00|12.00|0.00|0.00|0.00|0.00|0.00|0.00|0.00|
|C170|3|PROD007|PARTE SOBRESSALENTE G|10.33|UN|1131.23|5401|00|1101.86|12.00|132.22|0.00|0.00|0.00|0.00|0.00|0.00|
|C100|1|0|11223344000166|55|00|000000018|000|15012024|16012024|29619.42|797.85|95.74|0.00|0.00|0.00|0.00|0.00|0.00|0.00|0|77788899000177|
|C170|1|PROD008|CONJUNTO MONTADO H|40.00|UN|28810.48|5101|41|0.00|12.00|0.00|0.00|0.00|0.00|0.00|0.00|0.00|
|C170|2|PROD005|INSUMO INDUSTRIAL E|27.99|UN|808.94|5101|51|797.85|12.00|95.74|0.00|0.00|0.00|0.00|0.00|0.00|
|C100|1|0|11223344000166|55|00|000000019|000|04012024|07012024|73485.58|42678.35|5121.40|0.00|0.00|0.00|0.00|0.00|0.00|0.00|0|99900011000155|
|C170|1|PROD005|INSUMO INDUSTRIAL E|7.77|UN|153.73|6102|40|0.00|12.00|0.00|0.00|0.00|0.00|0.00|0.00|0.00|
|C170|2|PROD008|CONJUNTO MONTADO H|43.86|UN|45471.89|6102|00|42678.35|12.00|5121.40|0.00|0.00|0.00|0.00|0.00|0.00|
|C170|3|PROD004|PRODUTO ACABADO D|45.45|UN|27859.96|6102|50|0.00|12.00|0.00|0.00|0.00|0.00|0.00|0.00|0.00|
|C100|1|0|11223344000166|55|00|000000020|000|28012024|31012024|47994.67|3246.13|389.54|0.00|0.00|0.00|0.00|0.00|0.00|0.00|0|99900011000155|
|C170|1|PROD001|PECA MECANICA TIPO A|23.54|UN|1860.29|5102|00|1592.49|12.00|191.10|0.00|0.00|0.00|0.00|0.00|0.00|
|C170|2|PROD001|PECA MECANICA TIPO A|11.91|UN|648.28|5102|10|557.59|12.00|66.91|0.00|0.00|0.00|0.00|0.00|0.00|
|C170|3|PROD002|COMPONENTE ELETRICO B|29.00|UN|1280.64|5102|10|1096.05|12.00|131.53|0.00|0.00|0.00|0.00|0.00|0.00|
|C170|4|PROD003|MATERIAL BRUTO C|32.80|UN|9997.70|5102|70|0.00|12.00|0.00|0.00|0.00|0.00|0.00|0.00|0.00|
|C170|5|PROD004|PRODUTO ACABADO D|37.74|UN|34207.76|5102|50|0.00|12.00|0.00|0.00|0.00|0.00|0.00|0.00|0.00|
|C100|1|0|11223344000166|55|00|000000021|000|27012024|29012024|963.98|916.10|109.93|0.00|0.00|0.00|0.00|0.00|0.00|0.00|0|33366699000100|
|C170|1|PROD001|PECA MECANICA TIPO A|18.20|UN|963.98|6101|10|916.10|12.00|109.93|0.00|0.00|0.00|0.00|0.00|0.00|
|C100|1|0|11223344000166|55|00|000000022|000|25012024|26012024|61167.25|459.67|55.16|0.00|0.00|0.00|0.00|0.00|0.00|0.00|0|22244466000133|
|C170|1|PROD008|CONJUNTO MONTADO H|49.60|UN|60656.04|5401|30|0.00|12.00|0.00|0.00|0.00|0.00|0.00|0.00|0.00|
|C170|2|PROD002|COMPONENTE ELETRICO B|7.64|UN|440.77|5401|00|389.48|12.00|46.74|0.00|0.00|0.00|0.00|0.00|0.00|
|C170|3|PROD006|EMBALAGEM PADRAO F|7.43|UN|70.44|5401|20|70.19|12.00|8.42|0.00|0.00|0.00|0.00|0.00|0.00|
|C100|1|0|11223344000166|55|00|000000023|000|16012024|18012024|261.33|0.00|0.00|0.00|0.00|0.00|0.00|0.00|0.00|0.00|0|77788899000177|
|C170|1|PROD006|EMBALAGEM PADRAO F|42.29|UN|261.33|5102|41|0.00|12.00|0.00|0.00|0.00|0.00|0.00|0.00|0.00|
|C100|1|0|11223344000166|55|00|000000024|000|08012024|08012024|25478.57|5590.36|670.84|0.00|0.00|0.00|0.00|0.00|0.00|0.00|0|77788899000177|
|C170|1|PROD002|COMPONENTE ELETRICO B|47.95|UN|2055.14|5101|00|1889.29|12.00|226.71|0.00|0.00|0.00|0.00|0.00|0.00|
|C170|2|PROD001|PECA MECANICA TIPO A|38.10|UN|4023.91|5101|20|3701.07|12.00|444.13|0.00|0.00|0.00|0.00|0.00|0.00|
|C170|3|PROD004|PRODUTO ACABADO D|23.84|UN|19399.52|5101|30|0.00|12.00|0.00|0.00|0.00|0.00|0.00|0.00|0.00|
|C100|1|0|11223344000166|55|00|000000025|000|14012024|14012024|7757.66|0.00|0.00|0.00|0.00|0.00|0.00|0.00|0.00|0.00|0|33366699000100|
|C170|1|PROD006|EMBALAGEM PADRAO F|20.31|UN|205.54|5401|40|0.00|12.00|0.00|0.00|0.00|0.00|0.00|0.00|0.00|
|C170|2|PROD003|MATERIAL BRUTO C|22.58|UN|7552.12|5401|41|0.00|12.00|0.00|0.00|0.00|0.00|0.00|0.00|0.00|
|C100|1|0|11223344000166|55|00|000000026|000|13012024|14012024|84733.67|0.00|0.00|0.00|0.00|0.00|0.00|0.00|0.00|0.00|0|99900011000155|
|C170|1|PROD008|CONJUNTO MONTADO H|15.22|UN|21069.71|5401|41|0.00|12.00|0.00|0.00|0.00|0.00|0.00|0.00|0.00|
|C170|2|PROD007|PARTE SOBRESSALENTE G|31.10|UN|3893.16|5401|41|0.00|12.00|0.00|0.00|0.00|0.00|0.00|0.00|0.00|
|C170|3|PROD005|INSUMO INDUSTRIAL E|24.53|UN|495.83|5401|41|0.00|12.00|0.00|0.00|0.00|0.00|0.00|0.00|0.00|
|C170|4|PROD004|PRODUTO ACABADO D|16.96|UN|14632.01|5401|40|0.00|12.00|0.00|0.00|0.00|0.00|0.00|0.00|0.00|
|C170|5|PROD004|PRODUTO ACABADO D|45.79|UN|44642.96|5401|60|0.00|12.00|0.00|0.00|0.00|0.00|0.00|0.00|0.00|
|C100|1|0|11223344000166|55|00|000000027|000|26012024|26012024|26915.77|23350.42|2802.05|0.00|0.00|0.00|0.00|0.00|0.00|0.00|0|55512312300010|
|C170|1|PROD004|PRODUTO ACABADO D|35.44|UN|26915.77|5101|90|23350.42|12.00|2802.05|0.00|0.00|0.00|0.00|0.00|0.00|
|C100|1|0|11223344000166|55|00|000000028|000|27012024|28012024|3629.60|327.65|39.32|0.00|0.00|0.00|0.00|0.00|0.00|0.00|0|99900011000155|
|C170|1|PROD002|COMPONENTE ELETRICO B|34.26|UN|1117.69|6102|60|0.00|12.00|0.00|0.00|0.00|0.00|0.00|0.00|0.00|
|C170|2|PROD006|EMBALAGEM PADRAO F|10.11|UN|54.61|6102|30|0.00|12.00|0.00|0.00|0.00|0.00|0.00|0.00|0.00|
|C170|3|PROD001|PECA MECANICA TIPO A|31.60|UN|2090.66|6102|40|0.00|12.00|0.00|0.00|0.00|0.00|0.00|0.00|0.00|
|C170|4|PROD005|INSUMO INDUSTRIAL E|8.88|UN|366.64|6102|00|327.65|12.00|39.32|0.00|0.00|0.00|0.00|0.00|0.00|
|C100|1|0|11223344000166|55|00|000000029|000|09012024|11012024|91024.70|48254.08|5790.49|0.00|0.00|0.00|0.00|0.00|0.00|0.00|0|33366699000100|
|C170|1|PROD007|PARTE SOBRESSALENTE G|22.74|UN|3481.42|6102|40|0.00|12.00|0.00|0.00|0.00|0.00|0.00|0.00|0.00|
|C170|2|PROD008|CONJUNTO MONTADO H|41.98|UN|37916.59|6102|41|0.00|12.00|0.00|0.00|0.00|0.00|0.00|0.00|0.00|
|C170|3|PROD008|CONJUNTO MONTADO H|41.01|UN|49626.69|6102|20|48254.08|12.00|5790.49|0.00|0.00|0.00|0.00|0.00|0.00|
|C100|1|0|11223344000166|55|00|000000030|000|10012024|10012024|7858.63|2176.63|261.20|0.00|0.00|0.00|0.00|0.00|0.00|0.00|0|22244466000133|
|C170|1|PROD005|INSUMO INDUSTRIAL E|7.16|UN|108.52|5403|41|0.00|12.00|0.00|0.00|0.00|0.00|0.00|0.00|0.00|
|C170|2|PROD004|PRODUTO ACABADO D|6.91|UN|5021.77|5403|40|0.00|12.00|0.00|0.00|0.00|0.00|0.00|0.00|0.00|
|C170|3|PROD007|PARTE SOBRESSALENTE G|27.06|UN|2522.72|5403|20|2176.63|12.00|261.20|0.00|0.00|0.00|0.00|0.00|0.00|
|C170|4|PROD006|EMBALAGEM PADRAO F|28.48|UN|205.62|5403|40|0.00|12.00|0.00|0.00|0.00|0.00|0.00|0.00|0.00|
|C100|1|0|11223344000166|55|00|000000031|000|30012024|30012024|2591.85|2425.72|291.09|0.00|0.00|0.00|0.00|0.00|0.00|0.00|0|77788899000177|
|C170|1|PROD005|INSUMO INDUSTRIAL E|9.66|UN|401.30|6101|00|346.07|12.00|41.53|0.00|0.00|0.00|0.00|0.00|0.00|
|C170|2|PROD007|PARTE SOBRESSALENTE G|8.91|UN|1001.66|6101|10|988.81|12.00|118.66|0.00|0.00|0.00|0.00|0.00|0.00|
|C170|3|PROD005|INSUMO INDUSTRIAL E|36.02|UN|1080.57|6101|10|996.00|12.00|119.52|0.00|0.00|0.00|0.00|0.00|0.00|
|C170|4|PROD005|INSUMO INDUSTRIAL E|2.65|UN|108.32|6101|10|94.84|12.00|11.38|0.00|0.00|0.00|0.00|0.00|0.00|
|C100|1|0|11223344000166|55|00|000000032|000|25012024|25012024|17530.36|2594.78|311.37|0.00|0.00|0.00|0.00|0.00|0.00|0.00|0|33366699000100|
|C170|1|PROD002|COMPONENTE ELETRICO B|40.05|UN|2903.77|6101|51|2594.78|12.00|311.37|0.00|0.00|0.00|0.00|0.00|0.00|
|C170|2|PROD004|PRODUTO ACABADO D|24.88|UN|14626.59|6101|30|0.00|12.00|0.00|0.00|0.00|0.00|0.00|0.00|0.00|
|C100|1|0|11223344000166|55|00|000000033|000|09012024|09012024|2496.40|2221.31|266.56|0.00|0.00|0.00|0.00|0.00|0.00|0.00|0|99900011000155|
|C170|1|PROD007|PARTE SOBRESSALENTE G|18.39|UN|2496.40|6102|00|2221.31|12.00|266.56|0.00|0.00|0.00|0.00|0.00|0.00|
|C100|1|0|11223344000166|55|00|000000034|000|02012024|02012024|505.39|0.00|0.00|0.00|0.00|0.00|0.00|0.00|0.00|0.00|0|77788899000177|
|C170|1|PROD005|INSUMO INDUSTRIAL E|8.52|UN|238.59|6101|40|0.00|12.00|0.00|0.00|0.00|0.00|0.00|0.00|0.00|
|C170|2|PROD006|EMBALAGEM PADRAO F|33.27|UN|266.80|6101|41|0.00|12.00|0.00|0.00|0.00|0.00|0.00|0.00|0.00|
|C100|1|0|11223344000166|55|00|000000035|000|17012024|18012024|38118.53|9974.67|1196.96|0.00|0.00|0.00|0.00|0.00|0.00|0.00|0|22244466000133|
|C170|1|PROD008|CONJUNTO MONTADO H|30.24|UN|26808.97|5101|40|0.00|12.00|0.00|0.00|0.00|0.00|0.00|0.00|0.00|
|C170|2|PROD004|PRODUTO ACABADO D|11.59|UN|11309.56|5101|10|9974.67|12.00|1196.96|0.00|0.00|0.00|0.00|0.00|0.00|
|C100|1|0|11223344000166|55|00|000000036|000|29012024|31012024|10128.43|0.00|0.00|0.00|0.00|0.00|0.00|0.00|0.00|0.00|0|22244466000133|
|C170|1|PROD003|MATERIAL BRUTO C|33.00|UN|10128.43|6101|40|0.00|12.00|0.00|0.00|0.00|0.00|0.00|0.00|0.00|
|C100|1|0|11223344000166|55|00|000000037|000|19012024|19012024|6720.77|6464.92|775.80|0.00|0.00|0.00|0.00|0.00|0.00|0.00|0|22244466000133|
|C170|1|PROD007|PARTE SOBRESSALENTE G|25.93|UN|4108.97|6101|90|3954.46|12.00|474.54|0.00|0.00|0.00|0.00|0.00|0.00|
|C170|2|PROD001|PECA MECANICA TIPO A|18.16|UN|1911.66|6101|10|1884.88|12.00|226.19|0.00|0.00|0.00|0.00|0.00|0.00|
|C170|3|PROD002|COMPONENTE ELETRICO B|13.86|UN|700.14|6101|20|625.58|12.00|75.07|0.00|0.00|0.00|0.00|0.00|0.00|
|C100|1|0|11223344000166|55|00|000000038|000|21012024|22012024|52936.19|0.00|0.00|0.00|0.00|0.00|0.00|0.00|0.00|0.00|0|33366699000100|
|C170|1|PROD001|PECA MECANICA TIPO A|23.63|UN|2611.37|6102|30|0.00|12.00|0.00|0.00|0.00|0.00|0.00|0.00|0.00|
|C170|2|PROD008|CONJUNTO MONTADO H|35.68|UN|49323.50|6102|40|0.00|12.00|0.00|0.00|0.00|0.00|0.00|0.00|0.00|
|C170|3|PROD001|PECA MECANICA TIPO A|9.06|UN|1001.32|6102|60|0.00|12.00|0.00|0.00|0.00|0.00|0.00|0.00|0.00|
|C100|1|0|11223344000166|55|00|000000039|000|26012024|28012024|29081.00|25625.07|3075.01|0.00|0.00|0.00|0.00|0.00|0.00|0.00|0|22244466000133|
|C170|1|PROD008|CONJUNTO MONTADO H|13.18|UN|15844.27|5101|00|13839.59|12.00|1660.75|0.00|0.00|0.00|0.00|0.00|0.00|
|C170|2|PROD003|MATERIAL BRUTO C|38.50|UN|13236.73|5101|00|11785.48|12.00|1414.26|0.00|0.00|0.00|0.00|0.00|0.00|
|C100|1|0|11223344000166|55|00|000000040|000|22012024|24012024|102.13|0.00|0.00|0.00|0.00|0.00|0.00|0.00|0.00|0.00|0|33366699000100|
|C170|1|PROD002|COMPONENTE ELETRICO B|1.66|UN|102.13|5401|30|0.00|12.00|0.00|0.00|0.00|0.00|0.00|0.00|0.00|
|C100|1|0|11223344000166|55|00|000000041|000|09012024|12012024|57996.70|52962.78|6355.53|0.00|0.00|0.00|0.00|0.00|0.00|0.00|0|33366699000100|
|C170|1|PROD002|COMPONENTE ELETRICO B|10.37|UN|317.38|5403|20|312.33|12.00|37.48|0.00|0.00|0.00|0.00|0.00|0.00|
|C170|2|PROD005|INSUMO INDUSTRIAL E|20.95|UN|621.56|5403|20|545.20|12.00|65.42|0.00|0.00|0.00|0.00|0.00|0.00|
|C170|3|PROD004|PRODUTO ACABADO D|37.98|UN|30323.77|5403|00|28544.75|12.00|3425.37|0.00|0.00|0.00|0.00|0.00|0.00|
|C170|4|PROD004|PRODUTO ACABADO D|29.34|UN|26733.99|5403|00|23560.50|12.00|2827.26|0.00|0.00|0.00|0.00|0.00|0.00|
|C100|1|0|11223344000166|55|00|000000042|000|06012024|06012024|26172.47|8133.33|976.00|0.00|0.00|0.00|0.00|0.00|0.00|0.00|0|77788899000177|
|C170|1|PROD003|MATERIAL BRUTO C|33.72|UN|8544.99|5403|00|8133.33|12.00|976.00|0.00|0.00|0.00|0.00|0.00|0.00|
|C170|2|PROD001|PECA MECANICA TIPO A|9.93|UN|552.18|5403|70|0.00|12.00|0.00|0.00|0.00|0.00|0.00|0.00|0.00|
|C170|3|PROD004|PRODUTO ACABADO D|18.74|UN|12364.94|5403|40|0.00|12.00|0.00|0.00|0.00|0.00|0.00|0.00|0.00|
|C170|4|PROD003|MATERIAL BRUTO C|16.92|UN|4710.36|5403|40|0.00|12.00|0.00|0.00|0.00|0.00|0.00|0.00|0.00|
|C100|1|0|11223344000166|55|00|000000043|000|21012024|23012024|6654.57|5780.54|693.67|0.00|0.00|0.00|0.00|0.00|0.00|0.00|0|55512312300010|
|C170|1|PROD007|PARTE SOBRESSALENTE G|42.02|UN|5758.43|6101|00|5010.21|12.00|601.23|0.00|0.00|0.00|0.00|0.00|0.00|
|C170|2|PROD005|INSUMO INDUSTRIAL E|42.03|UN|896.14|6101|10|770.33|12.00|92.44|0.00|0.00|0.00|0.00|0.00|0.00|
|C100|1|0|11223344000166|55|00|000000044|000|25012024|27012024|38684.73|1830.67|219.68|0.00|0.00|0.00|0.00|0.00|0.00|0.00|0|22244466000133|
|C170|1|PROD002|COMPONENTE ELETRICO B|18.16|UN|797.59|6101|90|734.73|12.00|88.17|0.00|0.00|0.00|0.00|0.00|0.00|
|C170|2|PROD005|INSUMO INDUSTRIAL E|33.40|UN|1216.91|6101|00|1095.94|12.00|131.51|0.00|0.00|0.00|0.00|0.00|0.00|
|C170|3|PROD008|CONJUNTO MONTADO H|35.20|UN|36640.00|6101|40|0.00|12.00|0.00|0.00|0.00|0.00|0.00|0.00|0.00|
|C170|4|PROD006|EMBALAGEM PADRAO F|4.94|UN|30.23|6101|60|0.00|12.00|0.00|0.00|0.00|0.00|0.00|0.00|0.00|
|C100|1|0|11223344000166|55|00|000000045|000|29012024|29012024|11042.60|1566.23|187.95|0.00|0.00|0.00|0.00|0.00|0.00|0.00|0|55512312300010|
|C170|1|PROD003|MATERIAL BRUTO C|38.02|UN|9035.07|6101|40|0.00|12.00|0.00|0.00|0.00|0.00|0.00|0.00|0.00|
|C170|2|PROD002|COMPONENTE ELETRICO B|48.70|UN|1739.56|6101|00|1566.23|12.00|187.95|0.00|0.00|0.00|0.00|0.00|0.00|
|C170|3|PROD006|EMBALAGEM PADRAO F|26.85|UN|267.97|6101|40|0.00|12.00|0.00|0.00|0.00|0.00|0.00|0.00|0.00|
|C100|1|0|11223344000166|55|00|000000046|000|11012024|13012024|70940.77|66392.62|7967.11|0.00|0.00|0.00|0.00|0.00|0.00|0.00|0|33366699000100|
|C170|1|PROD005|INSUMO INDUSTRIAL E|42.12|UN|1116.13|5102|20|1055.01|12.00|126.60|0.00|0.00|0.00|0.00|0.00|0.00|
|C170|2|PROD006|EMBALAGEM PADRAO F|31.57|UN|230.78|5102|00|215.17|12.00|25.82|0.00|0.00|0.00|0.00|0.00|0.00|
|C170|3|PROD008|CONJUNTO MONTADO H|37.79|UN|39873.44|5102|20|37743.77|12.00|4529.25|0.00|0.00|0.00|0.00|0.00|0.00|
|C170|4|PROD008|CONJUNTO MONTADO H|35.55|UN|29720.42|5102|00|27378.67|12.00|3285.44|0.00|0.00|0.00|0.00|0.00|0.00|
|C100|1|0|11223344000166|55|00|000000047|000|17012024|19012024|77681.69|29026.95|3483.23|0.00|0.00|0.00|0.00|0.00|0.00|0.00|0|22244466000133|
|C170|1|PROD004|PRODUTO ACABADO D|23.64|UN|16326.40|5401|30|0.00|12.00|0.00|0.00|0.00|0.00|0.00|0.00|0.00|
|C170|2|PROD008|CONJUNTO MONTADO H|32.25|UN|30291.81|5401|10|29026.95|12.00|3483.23|0.00|0.00|0.00|0.00|0.00|0.00|
|C170|3|PROD008|CONJUNTO MONTADO H|33.82|UN|31063.48|5401|41|0.00|12.00|0.00|0.00|0.00|0.00|0.00|0.00|0.00|
|C100|1|0|11223344000166|55|00|000000048|000|10012024|11012024|37858.15|15712.43|1885.49|0.00|0.00|0.00|0.00|0.00|0.00|0.00|0|22244466000133|
|C170|1|PROD006|EMBALAGEM PADRAO F|41.39|UN|330.32|5102|00|303.26|12.00|36.39|0.00|0.00|0.00|0.00|0.00|0.00|
|C170|2|PROD003|MATERIAL BRUTO C|45.76|UN|15539.62|5102|10|15409.17|12.00|1849.10|0.00|0.00|0.00|0.00|0.00|0.00|
|C170|3|PROD008|CONJUNTO MONTADO H|19.76|UN|19220.98|5102|60|0.00|12.00|0.00|0.00|0.00|0.00|0.00|0.00|0.00|
|C170|4|PROD001|PECA MECANICA TIPO A|31.57|UN|2767.23|5102|30|0.00|12.00|0.00|0.00|0.00|0.00|0.00|0.00|0.00|
|C100|1|0|11223344000166|55|00|000000049|000|05012024|08012024|2455.33|861.29|103.35|0.00|0.00|0.00|0.00|0.00|0.00|0.00|0|33366699000100|
|C170|1|PROD001|PECA MECANICA TIPO A|13.49|UN|899.18|6101|00|861.29|12.00|103.35|0.00|0.00|0.00|0.00|0.00|0.00|
|C170|2|PROD005|INSUMO INDUSTRIAL E|38.74|UN|1556.15|6101|60|0.00|12.00|0.00|0.00|0.00|0.00|0.00|0.00|0.00|
|C100|1|0|11223344000166|55|00|000000050|000|13012024|16012024|2047.86|703.57|84.43|0.00|0.00|0.00|0.00|0.00|0.00|0.00|0|55512312300010|
|C170|1|PROD005|INSUMO INDUSTRIAL E|24.76|UN|591.22|6102|50|0.00|12.00|0.00|0.00|0.00|0.00|0.00|0.00|0.00|
|C170|2|PROD002|COMPONENTE ELETRICO B|11.32|UN|663.75|6102|40|0.00|12.00|0.00|0.00|0.00|0.00|0.00|0.00|0.00|
|C170|3|PROD002|COMPONENTE ELETRICO B|12.02|UN|792.89|6102|00|703.57|12.00|84.43|0.00|0.00|0.00|0.00|0.00|0.00|
|C100|1|0|11223344000166|55|00|000000051|000|12012024|14012024|54405.49|450.60|54.07|0.00|0.00|0.00|0.00|0.00|0.00|0.00|0|77788899000177|
|C170|1|PROD008|CONJUNTO MONTADO H|46.86|UN|53473.35|6101|40|0.00|12.00|0.00|0.00|0.00|0.00|0.00|0.00|0.00|
|C170|2|PROD006|EMBALAGEM PADRAO F|47.10|UN|501.62|6101|20|450.60|12.00|54.07|0.00|0.00|0.00|0.00|0.00|0.00|
|C170|3|PROD005|INSUMO INDUSTRIAL E|13.68|UN|430.52|6101|60|0.00|12.00|0.00|0.00|0.00|0.00|0.00|0.00|0.00|
|C100|1|0|11223344000166|55|00|000000052|000|02012024|02012024|36936.05|0.00|0.00|0.00|0.00|0.00|0.00|0.00|0.00|0.00|0|55512312300010|
|C170|1|PROD007|PARTE SOBRESSALENTE G|1.01|UN|82.06|5101|60|0.00|12.00|0.00|0.00|0.00|0.00|0.00|0.00|0.00|
|C170|2|PROD008|CONJUNTO MONTADO H|37.63|UN|36853.99|5101|50|0.00|12.00|0.00|0.00|0.00|0.00|0.00|0.00|0.00|
|C100|1|0|11223344000166|55|00|000000053|000|18012024|18012024|21969.38|9423.79|1130.86|0.00|0.00|0.00|0.00|0.00|0.00|0.00|0|22244466000133|
|C170|1|PROD007|PARTE SOBRESSALENTE G|44.75|UN|4981.24|6101|90|4946.42|12.00|593.57|0.00|0.00|0.00|0.00|0.00|0.00|
|C170|2|PROD007|PARTE SOBRESSALENTE G|35.04|UN|4985.01|6101|10|4347.72|12.00|521.73|0.00|0.00|0.00|0.00|0.00|0.00|
|C170|3|PROD003|MATERIAL BRUTO C|36.88|UN|11598.28|6101|70|0.00|12.00|0.00|0.00|0.00|0.00|0.00|0.00|0.00|
|C170|4|PROD005|INSUMO INDUSTRIAL E|8.93|UN|149.03|6101|00|129.65|12.00|15.56|0.00|0.00|0.00|0.00|0.00|0.00|
|C170|5|PROD006|EMBALAGEM PADRAO F|43.96|UN|255.82|6101|70|0.00|12.00|0.00|0.00|0.00|0.00|0.00|0.00|0.00|
|C100|1|0|11223344000166|55|00|000000054|000|07012024|10012024|83664.05|71574.51|8588.93|0.00|0.00|0.00|0.00|0.00|0.00|0.00|0|33366699000100|
|C170|1|PROD008|CONJUNTO MONTADO H|20.36|UN|19873.56|5401|00|17391.02|12.00|2086.92|0.00|0.00|0.00|0.00|0.00|0.00|
|C170|2|PROD002|COMPONENTE ELETRICO B|7.68|UN|548.13|5401|00|509.53|12.00|61.14|0.00|0.00|0.00|0.00|0.00|0.00|
|C170|3|PROD004|PRODUTO ACABADO D|6.36|UN|5223.21|5401|41|0.00|12.00|0.00|0.00|0.00|0.00|0.00|0.00|0.00|
|C170|4|PROD008|CONJUNTO MONTADO H|24.25|UN|28549.91|5401|00|26241.51|12.00|3148.98|0.00|0.00|0.00|0.00|0.00|0.00|
|C170|5|PROD004|PRODUTO ACABADO D|45.98|UN|29469.24|5401|10|27432.45|12.00|3291.89|0.00|0.00|0.00|0.00|0.00|0.00|
|C100|1|0|11223344000166|55|00|000000055|000|18012024|21012024|4976.28|4338.18|520.58|0.00|0.00|0.00|0.00|0.00|0.00|0.00|0|33366699000100|
|C170|1|PROD001|PECA MECANICA TIPO A|10.91|UN|1254.53|5401|90|1108.24|12.00|132.99|0.00|0.00|0.00|0.00|0.00|0.00|
|C170|2|PROD006|EMBALAGEM PADRAO F|42.98|UN|471.95|5401|00|443.53|12.00|53.22|0.00|0.00|0.00|0.00|0.00|0.00|
|C170|3|PROD001|PECA MECANICA TIPO A|19.49|UN|1114.91|5401|20|959.63|12.00|115.16|0.00|0.00|0.00|0.00|0.00|0.00|
|C170|4|PROD005|INSUMO INDUSTRIAL E|2.46|UN|87.00|5401|40|0.00|12.00|0.00|0.00|0.00|0.00|0.00|0.00|0.00|
|C170|5|PROD007|PARTE SOBRESSALENTE G|23.17|UN|2047.89|5401|00|1826.78|12.00|219.21|0.00|0.00|0.00|0.00|0.00|0.00|
|C100|1|0|11223344000166|55|00|000000056|000|23012024|26012024|9104.87|8351.03|1002.12|0.00|0.00|0.00|0.00|0.00|0.00|0.00|0|22244466000133|
|C170|1|PROD005|INSUMO INDUSTRIAL E|44.03|UN|1793.62|6101|00|1666.95|12.00|200.03|0.00|0.00|0.00|0.00|0.00|0.00|
|C170|2|PROD008|CONJUNTO MONTADO H|2.58|UN|3266.52|6101|00|3082.48|12.00|369.90|0.00|0.00|0.00|0.00|0.00|0.00|
|C170|3|PROD002|COMPONENTE ELETRICO B|42.32|UN|3563.00|6101|00|3220.87|12.00|386.50|0.00|0.00|0.00|0.00|0.00|0.00|
|C170|4|PROD006|EMBALAGEM PADRAO F|46.15|UN|442.60|6101|90|380.73|12.00|45.69|0.00|0.00|0.00|0.00|0.00|0.00|
|C170|5|PROD006|EMBALAGEM PADRAO F|4.25|UN|39.13|6101|50|0.00|12.00|0.00|0.00|0.00|0.00|0.00|0.00|0.00|
|C100|1|0|11223344000166|55|00|000000057|000|09012024|11012024|18319.68|0.00|0.00|0.00|0.00|0.00|0.00|0.00|0.00|0.00|0|55512312300010|
|C170|1|PROD002|COMPONENTE ELETRICO B|12.60|UN|383.14|5102|41|0.00|12.00|0.00|0.00|0.00|0.00|0.00|0.00|0.00|
|C170|2|PROD008|CONJUNTO MONTADO H|19.99|UN|17796.66|5102|40|0.00|12.00|0.00|0.00|0.00|0.00|0.00|0.00|0.00|
|C170|3|PROD005|INSUMO INDUSTRIAL E|3.85|UN|139.88|5102|40|0.00|12.00|0.00|0.00|0.00|0.00|0.00|0.00|0.00|
|C100|1|0|11223344000166|55|00|000000058|000|09012024|11012024|44733.71|6572.15|788.66|0.00|0.00|0.00|0.00|0.00|0.00|0.00|0|33366699000100|
|C170|1|PROD005|INSUMO INDUSTRIAL E|2.84|UN|101.00|6102|30|0.00|12.00|0.00|0.00|0.00|0.00|0.00|0.00|0.00|
|C170|2|PROD003|MATERIAL BRUTO C|33.65|UN|6737.41|6102|20|5976.31|12.00|717.16|0.00|0.00|0.00|0.00|0.00|0.00|
|C170|3|PROD002|COMPONENTE ELETRICO B|37.54|UN|2012.95|6102|50|0.00|12.00|0.00|0.00|0.00|0.00|0.00|0.00|0.00|
|C170|4|PROD008|CONJUNTO MONTADO H|47.18|UN|35228.36|6102|70|0.00|12.00|0.00|0.00|0.00|0.00|0.00|0.00|0.00|
|C170|5|PROD001|PECA MECANICA TIPO A|5.87|UN|653.99|6102|00|595.84|12.00|71.50|0.00|0.00|0.00|0.00|0.00|0.00|
|C100|1|0|11223344000166|55|00|000000059|000|20012024|23012024|34248.07|32541.77|3905.01|0.00|0.00|0.00|0.00|0.00|0.00|0.00|0|22244466000133|
|C170|1|PROD001|PECA MECANICA TIPO A|26.79|UN|2373.06|5401|10|2079.50|12.00|249.54|0.00|0.00|0.00|0.00|0.00|0.00|
|C170|2|PROD008|CONJUNTO MONTADO H|34.21|UN|31875.01|5401|20|30462.27|12.00|3655.47|0.00|0.00|0.00|0.00|0.00|0.00|
|C100|1|0|11223344000166|55|00|000000060|000|27012024|28012024|6229.18|5687.66|682.52|0.00|0.00|0.00|0.00|0.00|0.00|0.00|0|22244466000133|
|C170|1|PROD005|INSUMO INDUSTRIAL E|32.52|UN|1196.23|5102|00|1033.78|12.00|124.05|0.00|0.00|0.00|0.00|0.00|0.00|
|C170|2|PROD008|CONJUNTO MONTADO H|5.34|UN|5032.95|5102|51|4653.88|12.00|558.47|0.00|0.00|0.00|0.00|0.00|0.00|
|C100|1|0|11223344000166|55|00|000000061|000|24012024|25012024|4377.14|190.38|22.85|0.00|0.00|0.00|0.00|0.00|0.00|0.00|0|99900011000155|
|C170|1|PROD006|EMBALAGEM PADRAO F|21.16|UN|190.68|6101|00|190.38|12.00|22.85|0.00|0.00|0.00|0.00|0.00|0.00|
|C170|2|PROD007|PARTE SOBRESSALENTE G|41.83|UN|4186.46|6101|30|0.00|12.00|0.00|0.00|0.00|0.00|0.00|0.00|0.00|
|C100|1|0|11223344000166|55|00|000000062|000|05012024|06012024|76665.80|20791.20|2494.95|0.00|0.00|0.00|0.00|0.00|0.00|0.00|0|22244466000133|
|C170|1|PROD008|CONJUNTO MONTADO H|45.36|UN|52932.53|5401|40|0.00|12.00|0.00|0.00|0.00|0.00|0.00|0.00|0.00|
|C170|2|PROD008|CONJUNTO MONTADO H|17.36|UN|17762.50|5401|10|15467.80|12.00|1856.14|0.00|0.00|0.00|0.00|0.00|0.00|
|C170|3|PROD007|PARTE SOBRESSALENTE G|15.90|UN|1887.01|5401|00|1751.44|12.00|210.17|0.00|0.00|0.00|0.00|0.00|0.00|
|C170|4|PROD002|COMPONENTE ELETRICO B|35.19|UN|2385.26|5401|20|2073.90|12.00|248.87|0.00|0.00|0.00|0.00|0.00|0.00|
|C170|5|PROD005|INSUMO INDUSTRIAL E|43.89|UN|1698.50|5401|10|1498.06|12.00|179.77|0.00|0.00|0.00|0.00|0.00|0.00|
|C100|1|0|11223344000166|55|00|000000063|000|15012024|17012024|45072.75|37758.58|4531.03|0.00|0.00|0.00|0.00|0.00|0.00|0.00|0|77788899000177|
|C170|1|PROD002|COMPONENTE ELETRICO B|17.53|UN|936.17|5102|41|0.00|12.00|0.00|0.00|0.00|0.00|0.00|0.00|0.00|
|C170|2|PROD006|EMBALAGEM PADRAO F|15.90|UN|103.03|5102|00|99.11|12.00|11.89|0.00|0.00|0.00|0.00|0.00|0.00|
|C170|3|PROD004|PRODUTO ACABADO D|37.27|UN|34649.18|5102|00|29466.56|12.00|3535.99|0.00|0.00|0.00|0.00|0.00|0.00|
|C170|4|PROD007|PARTE SOBRESSALENTE G|13.74|UN|2142.67|5102|00|1976.42|12.00|237.17|0.00|0.00|0.00|0.00|0.00|0.00|
|C170|5|PROD007|PARTE SOBRESSALENTE G|46.45|UN|7241.70|5102|00|6216.49|12.00|745.98|0.00|0.00|0.00|0.00|0.00|0.00|
|C100|1|0|11223344000166|55|00|000000064|000|11012024|13012024|36507.41|914.45|109.74|0.00|0.00|0.00|0.00|0.00|0.00|0.00|0|99900011000155|
|C170|1|PROD003|MATERIAL BRUTO C|40.89|UN|8919.74|5101|70|0.00|12.00|0.00|0.00|0.00|0.00|0.00|0.00|0.00|
|C170|2|PROD002|COMPONENTE ELETRICO B|14.54|UN|652.23|5101|00|589.96|12.00|70.80|0.00|0.00|0.00|0.00|0.00|0.00|
|C170|3|PROD002|COMPONENTE ELETRICO B|3.12|UN|186.05|5101|50|0.00|12.00|0.00|0.00|0.00|0.00|0.00|0.00|0.00|
|C170|4|PROD004|PRODUTO ACABADO D|29.79|UN|26368.96|5101|50|0.00|12.00|0.00|0.00|0.00|0.00|0.00|0.00|0.00|
|C170|5|PROD007|PARTE SOBRESSALENTE G|3.01|UN|380.43|5101|20|324.49|12.00|38.94|0.00|0.00|0.00|0.00|0.00|0.00|
|C100|1|0|11223344000166|55|00|000000065|000|30012024|02022024|18890.40|14362.21|1723.47|0.00|0.00|0.00|0.00|0.00|0.00|0.00|0|99900011000155|
|C170|1|PROD003|MATERIAL BRUTO C|8.97|UN|2044.15|5403|20|1857.16|12.00|222.86|0.00|0.00|0.00|0.00|0.00|0.00|
|C170|2|PROD005|INSUMO INDUSTRIAL E|18.23|UN|438.66|5403|40|0.00|12.00|0.00|0.00|0.00|0.00|0.00|0.00|0.00|
|C170|3|PROD003|MATERIAL BRUTO C|42.23|UN|14059.88|5403|10|12249.41|12.00|1469.93|0.00|0.00|0.00|0.00|0.00|0.00|
|C170|4|PROD005|INSUMO INDUSTRIAL E|9.60|UN|271.83|5403|00|255.64|12.00|30.68|0.00|0.00|0.00|0.00|0.00|0.00|
|C170|5|PROD003|MATERIAL BRUTO C|8.18|UN|2075.88|5403|40|0.00|12.00|0.00|0.00|0.00|0.00|0.00|0.00|0.00|
|C100|1|0|11223344000166|55|00|000000066|000|10012024|12012024|2606.28|2383.23|285.99|0.00|0.00|0.00|0.00|0.00|0.00|0.00|0|22244466000133|
|C170|1|PROD007|PARTE SOBRESSALENTE G|21.79|UN|1844.64|5102|90|1666.25|12.00|199.95|0.00|0.00|0.00|0.00|0.00|0.00|
|C170|2|PROD002|COMPONENTE ELETRICO B|10.35|UN|761.64|5102|90|716.98|12.00|86.04|0.00|0.00|0.00|0.00|0.00|0.00|
|C100|1|0|11223344000166|55|00|000000067|000|03012024|05012024|340.86|315.23|37.83|0.00|0.00|0.00|0.00|0.00|0.00|0.00|0|22244466000133|
|C170|1|PROD006|EMBALAGEM PADRAO F|35.32|UN|340.86|5102|20|315.23|12.00|37.83|0.00|0.00|0.00|0.00|0.00|0.00|
|C100|1|0|11223344000166|55|00|000000068|000|08012024|08012024|2831.88|2400.15|288.02|0.00|0.00|0.00|0.00|0.00|0.00|0.00|0|99900011000155|
|C170|1|PROD001|PECA MECANICA TIPO A|35.85|UN|2327.32|5102|00|2058.18|12.00|246.98|0.00|0.00|0.00|0.00|0.00|0.00|
|C170|2|PROD005|INSUMO INDUSTRIAL E|4.33|UN|122.31|5102|40|0.00|12.00|0.00|0.00|0.00|0.00|0.00|0.00|0.00|
|C170|3|PROD005|INSUMO INDUSTRIAL E|11.00|UN|382.25|5102|00|341.97|12.00|41.04|0.00|0.00|0.00|0.00|0.00|0.00|
|C100|1|0|11223344000166|55|00|000000069|000|15012024|18012024|4146.72|3746.17|449.54|0.00|0.00|0.00|0.00|0.00|0.00|0.00|0|22244466000133|
|C170|1|PROD007|PARTE SOBRESSALENTE G|36.14|UN|4146.72|5102|90|3746.17|12.00|449.54|0.00|0.00|0.00|0.00|0.00|0.00|
|C100|1|0|11223344000166|55|00|000000070|000|15012024|18012024|82512.27|49841.75|5981.01|0.00|0.00|0.00|0.00|0.00|0.00|0.00|0|77788899000177|
|C170|1|PROD008|CONJUNTO MONTADO H|48.41|UN|54969.74|5401|90|49571.44|12.00|5948.57|0.00|0.00|0.00|0.00|0.00|0.00|
|C170|2|PROD006|EMBALAGEM PADRAO F|32.20|UN|285.95|5401|20|270.31|12.00|32.44|0.00|0.00|0.00|0.00|0.00|0.00|
|C170|3|PROD004|PRODUTO ACABADO D|32.37|UN|27256.58|5401|41|0.00|12.00|0.00|0.00|0.00|0.00|0.00|0.00|0.00|
|C100|1|0|11223344000166|55|00|000000071|000|17012024|17012024|1990.75|1157.29|138.87|0.00|0.00|0.00|0.00|0.00|0.00|0.00|0|33366699000100|
|C170|1|PROD006|EMBALAGEM PADRAO F|42.86|UN|274.28|5401|30|0.00|12.00|0.00|0.00|0.00|0.00|0.00|0.00|0.00|
|C170|2|PROD002|COMPONENTE ELETRICO B|21.08|UN|1355.87|5401|20|1157.29|12.00|138.87|0.00|0.00|0.00|0.00|0.00|0.00|
|C170|3|PROD005|INSUMO INDUSTRIAL E|20.40|UN|360.60|5401|40|0.00|12.00|0.00|0.00|0.00|0.00|0.00|0.00|0.00|
|C100|1|0|11223344000166|55|00|000000072|000|12012024|12012024|36429.63|2740.70|328.88|0.00|0.00|0.00|0.00|0.00|0.00|0.00|0|33366699000100|
|C170|1|PROD008|CONJUNTO MONTADO H|26.54|UN|33349.24|5101|40|0.00|12.00|0.00|0.00|0.00|0.00|0.00|0.00|0.00|
|C170|2|PROD007|PARTE SOBRESSALENTE G|19.68|UN|1738.29|5101|10|1615.16|12.00|193.82|0.00|0.00|0.00|0.00|0.00|0.00|
|C170|3|PROD006|EMBALAGEM PADRAO F|2.35|UN|19.77|5101|40|0.00|12.00|0.00|0.00|0.00|0.00|0.00|0.00|0.00|
|C170|4|PROD001|PECA MECANICA TIPO A|22.48|UN|1322.33|5101|20|1125.54|12.00|135.06|0.00|0.00|0.00|0.00|0.00|0.00|
|C100|1|0|11223344000166|55|00|000000073|000|24012024|25012024|8130.05|7181.18|861.74|0.00|0.00|0.00|0.00|0.00|0.00|0.00|0|55512312300010|
|C170|1|PROD002|COMPONENTE ELETRICO B|10.12|UN|520.88|5403|10|511.22|12.00|61.35|0.00|0.00|0.00|0.00|0.00|0.00|
|C170|2|PROD001|PECA MECANICA TIPO A|4.39|UN|249.12|5403|40|0.00|12.00|0.00|0.00|0.00|0.00|0.00|0.00|0.00|
|C170|3|PROD007|PARTE SOBRESSALENTE G|49.26|UN|5586.54|5403|00|4971.18|12.00|596.54|0.00|0.00|0.00|0.00|0.00|0.00|
|C170|4|PROD002|COMPONENTE ELETRICO B|17.35|UN|665.76|5403|20|620.99|12.00|74.52|0.00|0.00|0.00|0.00|0.00|0.00|
|C170|5|PROD007|PARTE SOBRESSALENTE G|7.14|UN|1107.75|5403|00|1077.79|12.00|129.33|0.00|0.00|0.00|0.00|0.00|0.00|
|C100|1|0|11223344000166|55|00|000000074|000|23012024|26012024|4367.97|382.99|45.96|0.00|0.00|0.00|0.00|0.00|0.00|0.00|0|33366699000100|
|C170|1|PROD006|EMBALAGEM PADRAO F|2.58|UN|27.59|5101|20|24.47|12.00|2.94|0.00|0.00|0.00|0.00|0.00|0.00|
|C170|2|PROD006|EMBALAGEM PADRAO F|17.66|UN|144.14|5101|40|0.00|12.00|0.00|0.00|0.00|0.00|0.00|0.00|0.00|
|C170|3|PROD006|EMBALAGEM PADRAO F|7.86|UN|90.99|5101|00|77.83|12.00|9.34|0.00|0.00|0.00|0.00|0.00|0.00|
|C170|4|PROD002|COMPONENTE ELETRICO B|49.10|UN|3797.29|5101|30|0.00|12.00|0.00|0.00|0.00|0.00|0.00|0.00|0.00|
|C170|5|PROD006|EMBALAGEM PADRAO F|28.62|UN|307.96|5101|00|280.69|12.00|33.68|0.00|0.00|0.00|0.00|0.00|0.00|
|C100|1|0|11223344000166|55|00|000000075|000|31012024|01022024|44070.24|43302.25|5196.27|0.00|0.00|0.00|0.00|0.00|0.00|0.00|0|33366699000100|
|C170|1|PROD002|COMPONENTE ELETRICO B|14.71|UN|1238.90|5101|00|1204.15|12.00|144.50|0.00|0.00|0.00|0.00|0.00|0.00|
|C170|2|PROD008|CONJUNTO MONTADO H|39.73|UN|42414.31|5101|10|41703.52|12.00|5004.42|0.00|0.00|0.00|0.00|0.00|0.00|
|C170|3|PROD006|EMBALAGEM PADRAO F|23.29|UN|119.01|5101|00|110.75|12.00|13.29|0.00|0.00|0.00|0.00|0.00|0.00|
|C170|4|PROD006|EMBALAGEM PADRAO F|27.19|UN|298.02|5101|10|283.83|12.00|34.06|0.00|0.00|0.00|0.00|0.00|0.00|
|C100|1|0|11223344000166|55|00|000000076|000|30012024|01022024|12652.17|9468.20|1136.18|0.00|0.00|0.00|0.00|0.00|0.00|0.00|0|33366699000100|
|C170|1|PROD002|COMPONENTE ELETRICO B|45.20|UN|1365.10|5401|70|0.00|12.00|0.00|0.00|0.00|0.00|0.00|0.00|0.00|
|C170|2|PROD005|INSUMO INDUSTRIAL E|29.43|UN|594.74|5401|50|0.00|12.00|0.00|0.00|0.00|0.00|0.00|0.00|0.00|
|C170|3|PROD002|COMPONENTE ELETRICO B|12.56|UN|826.83|5401|50|0.00|12.00|0.00|0.00|0.00|0.00|0.00|0.00|0.00|
|C170|4|PROD001|PECA MECANICA TIPO A|46.69|UN|3243.88|5401|00|3194.45|12.00|383.33|0.00|0.00|0.00|0.00|0.00|0.00|
|C170|5|PROD003|MATERIAL BRUTO C|21.18|UN|6621.62|5401|20|6273.75|12.00|752.85|0.00|0.00|0.00|0.00|0.00|0.00|
|C100|1|0|11223344000166|55|00|000000077|000|23012024|24012024|27149.75|24412.33|2929.47|0.00|0.00|0.00|0.00|0.00|0.00|0.00|0|22244466000133|
|C170|1|PROD003|MATERIAL BRUTO C|17.32|UN|5893.48|6102|00|5553.70|12.00|666.44|0.00|0.00|0.00|0.00|0.00|0.00|
|C170|2|PROD004|PRODUTO ACABADO D|28.09|UN|14156.35|6102|20|12316.92|12.00|1478.03|0.00|0.00|0.00|0.00|0.00|0.00|
|C170|3|PROD006|EMBALAGEM PADRAO F|2.10|UN|22.71|6102|41|0.00|12.00|0.00|0.00|0.00|0.00|0.00|0.00|0.00|
|C170|4|PROD002|COMPONENTE ELETRICO B|42.66|UN|2991.39|6102|10|2987.77|12.00|358.53|0.00|0.00|0.00|0.00|0.00|0.00|
|C170|5|PROD003|MATERIAL BRUTO C|14.57|UN|4085.82|6102|00|3553.94|12.00|426.47|0.00|0.00|0.00|0.00|0.00|0.00|
|C100|1|0|11223344000166|55|00|000000078|000|24012024|27012024|928.54|0.00|0.00|0.00|0.00|0.00|0.00|0.00|0.00|0.00|0|22244466000133|
|C170|1|PROD002|COMPONENTE ELETRICO B|28.15|UN|928.54|5403|41|0.00|12.00|0.00|0.00|0.00|0.00|0.00|0.00|0.00|
|C100|1|0|11223344000166|55|00|000000079|000|05012024|07012024|20570.95|17647.72|2117.72|0.00|0.00|0.00|0.00|0.00|0.00|0.00|0|22244466000133|
|C170|1|PROD005|INSUMO INDUSTRIAL E|45.21|UN|1106.31|5102|70|0.00|12.00|0.00|0.00|0.00|0.00|0.00|0.00|0.00|
|C170|2|PROD007|PARTE SOBRESSALENTE G|35.90|UN|4562.38|5102|20|4212.53|12.00|505.50|0.00|0.00|0.00|0.00|0.00|0.00|
|C170|3|PROD006|EMBALAGEM PADRAO F|32.39|UN|176.87|5102|50|0.00|12.00|0.00|0.00|0.00|0.00|0.00|0.00|0.00|
|C170|4|PROD003|MATERIAL BRUTO C|42.69|UN|14725.39|5102|00|13435.19|12.00|1612.22|0.00|0.00|0.00|0.00|0.00|0.00|
|C100|1|0|11223344000166|55|00|000000080|000|10012024|11012024|4708.29|4325.74|519.09|0.00|0.00|0.00|0.00|0.00|0.00|0.00|0|33366699000100|
|C170|1|PROD001|PECA MECANICA TIPO A|22.77|UN|2297.67|6102|10|2045.93|12.00|245.51|0.00|0.00|0.00|0.00|0.00|0.00|
|C170|2|PROD006|EMBALAGEM PADRAO F|40.75|UN|334.98|6102|00|295.32|12.00|35.44|0.00|0.00|0.00|0.00|0.00|0.00|
|C170|3|PROD005|INSUMO INDUSTRIAL E|13.65|UN|519.13|6102|00|465.52|12.00|55.86|0.00|0.00|0.00|0.00|0.00|0.00|
|C170|4|PROD002|COMPONENTE ELETRICO B|26.56|UN|1556.51|6102|90|1518.97|12.00|182.28|0.00|0.00|0.00|0.00|0.00|0.00|
|C100|1|0|11223344000166|55|00|000000081|000|06012024|07012024|13990.04|13199.31|1583.92|0.00|0.00|0.00|0.00|0.00|0.00|0.00|0|77788899000177|
|C170|1|PROD003|MATERIAL BRUTO C|48.70|UN|13006.75|5401|20|12325.93|12.00|1479.11|0.00|0.00|0.00|0.00|0.00|0.00|
|C170|2|PROD002|COMPONENTE ELETRICO B|32.34|UN|983.29|5401|00|873.38|12.00|104.81|0.00|0.00|0.00|0.00|0.00|0.00|
|C100|1|0|11223344000166|55|00|000000082|000|08012024|11012024|40637.20|1081.23|129.75|0.00|0.00|0.00|0.00|0.00|0.00|0.00|0|55512312300010|
|C170|1|PROD005|INSUMO INDUSTRIAL E|25.06|UN|602.49|5101|00|583.38|12.00|70.01|0.00|0.00|0.00|0.00|0.00|0.00|
|C170|2|PROD004|PRODUTO ACABADO D|42.62|UN|39478.96|5101|40|0.00|12.00|0.00|0.00|0.00|0.00|0.00|0.00|0.00|
|C170|3|PROD006|EMBALAGEM PADRAO F|48.97|UN|555.75|5101|00|497.85|12.00|59.74|0.00|0.00|0.00|0.00|0.00|0.00|
|C100|1|0|11223344000166|55|00|000000083|000|07012024|09012024|2051.99|0.00|0.00|0.00|0.00|0.00|0.00|0.00|0.00|0.00|0|77788899000177|
|C170|1|PROD002|COMPONENTE ELETRICO B|34.22|UN|2051.99|5102|40|0.00|12.00|0.00|0.00|0.00|0.00|0.00|0.00|0.00|
|C100|1|0|11223344000166|55|00|000000084|000|10012024|12012024|5505.32|1991.63|239.00|0.00|0.00|0.00|0.00|0.00|0.00|0.00|0|99900011000155|
|C170|1|PROD007|PARTE SOBRESSALENTE G|16.38|UN|2263.88|5102|00|1991.63|12.00|239.00|0.00|0.00|0.00|0.00|0.00|0.00|
|C170|2|PROD007|PARTE SOBRESSALENTE G|19.50|UN|2442.89|5102|40|0.00|12.00|0.00|0.00|0.00|0.00|0.00|0.00|0.00|
|C170|3|PROD002|COMPONENTE ELETRICO B|10.25|UN|798.55|5102|30|0.00|12.00|0.00|0.00|0.00|0.00|0.00|0.00|0.00|
|C100|1|0|11223344000166|55|00|000000085|000|30012024|01022024|827.19|789.19|94.70|0.00|0.00|0.00|0.00|0.00|0.00|0.00|0|99900011000155|
|C170|1|PROD005|INSUMO INDUSTRIAL E|24.50|UN|827.19|6101|10|789.19|12.00|94.70|0.00|0.00|0.00|0.00|0.00|0.00|
|C100|1|0|11223344000166|55|00|000000086|000|23012024|25012024|1804.12|152.97|18.36|0.00|0.00|0.00|0.00|0.00|0.00|0.00|0|77788899000177|
|C170|1|PROD006|EMBALAGEM PADRAO F|20.10|UN|170.48|5401|20|152.97|12.00|18.36|0.00|0.00|0.00|0.00|0.00|0.00|
|C170|2|PROD002|COMPONENTE ELETRICO B|16.27|UN|1282.81|5401|30|0.00|12.00|0.00|0.00|0.00|0.00|0.00|0.00|0.00|
|C170|3|PROD002|COMPONENTE ELETRICO B|5.35|UN|350.83|5401|30|0.00|12.00|0.00|0.00|0.00|0.00|0.00|0.00|0.00|
|C100|1|0|11223344000166|55|00|000000087|000|04012024|07012024|3257.60|807.91|96.94|0.00|0.00|0.00|0.00|0.00|0.00|0.00|0|22244466000133|
|C170|1|PROD002|COMPONENTE ELETRICO B|2.70|UN|93.12|5403|10|89.37|12.00|10.72|0.00|0.00|0.00|0.00|0.00|0.00|
|C170|2|PROD007|PARTE SOBRESSALENTE G|19.58|UN|1835.93|5403|40|0.00|12.00|0.00|0.00|0.00|0.00|0.00|0.00|0.00|
|C170|3|PROD002|COMPONENTE ELETRICO B|23.75|UN|720.01|5403|10|718.54|12.00|86.22|0.00|0.00|0.00|0.00|0.00|0.00|
|C170|4|PROD005|INSUMO INDUSTRIAL E|33.68|UN|608.54|5403|60|0.00|12.00|0.00|0.00|0.00|0.00|0.00|0.00|0.00|
|C100|1|0|11223344000166|55|00|000000088|000|29012024|29012024|38655.54|36226.29|4347.16|0.00|0.00|0.00|0.00|0.00|0.00|0.00|0|33366699000100|
|C170|1|PROD006|EMBALAGEM PADRAO F|5.69|UN|35.65|5403|90|32.88|12.00|3.95|0.00|0.00|0.00|0.00|0.00|0.00|
|C170|2|PROD008|CONJUNTO MONTADO H|32.38|UN|37371.64|5403|00|35113.42|12.00|4213.61|0.00|0.00|0.00|0.00|0.00|0.00|
|C170|3|PROD004|PRODUTO ACABADO D|1.86|UN|1248.25|5403|00|1079.99|12.00|129.60|0.00|0.00|0.00|0.00|0.00|0.00|
|C100|1|0|11223344000166|55|00|000000089|000|08012024|10012024|4271.08|3716.45|445.98|0.00|0.00|0.00|0.00|0.00|0.00|0.00|0|99900011000155|
|C170|1|PROD002|COMPONENTE ELETRICO B|16.93|UN|1295.87|5401|00|1236.08|12.00|148.33|0.00|0.00|0.00|0.00|0.00|0.00|
|C170|2|PROD005|INSUMO INDUSTRIAL E|8.52|UN|290.04|5401|60|0.00|12.00|0.00|0.00|0.00|0.00|0.00|0.00|0.00|
|C170|3|PROD002|COMPONENTE ELETRICO B|42.45|UN|2660.22|5401|90|2455.49|12.00|294.66|0.00|0.00|0.00|0.00|0.00|0.00|
|C170|4|PROD006|EMBALAGEM PADRAO F|2.78|UN|24.95|5401|20|24.88|12.00|2.99|0.00|0.00|0.00|0.00|0.00|0.00|
|C100|1|0|11223344000166|55|00|000000090|000|22012024|25012024|20630.18|11752.14|1410.26|0.00|0.00|0.00|0.00|0.00|0.00|0.00|0|33366699000100|
|C170|1|PROD003|MATERIAL BRUTO C|34.49|UN|8087.89|5101|60|0.00|12.00|0.00|0.00|0.00|0.00|0.00|0.00|0.00|
|C170|2|PROD008|CONJUNTO MONTADO H|13.65|UN|12542.29|5101|20|11752.14|12.00|1410.26|0.00|0.00|0.00|0.00|0.00|0.00|
|C100|1|0|11223344000166|55|00|000000091|000|19012024|20012024|13531.38|3637.45|436.49|0.00|0.00|0.00|0.00|0.00|0.00|0.00|0|22244466000133|
|C170|1|PROD002|COMPONENTE ELETRICO B|30.18|UN|2441.76|6101|70|0.00|12.00|0.00|0.00|0.00|0.00|0.00|0.00|0.00|
|C170|2|PROD006|EMBALAGEM PADRAO F|37.92|UN|359.14|6101|40|0.00|12.00|0.00|0.00|0.00|0.00|0.00|0.00|0.00|
|C170|3|PROD007|PARTE SOBRESSALENTE G|31.04|UN|3772.97|6101|00|3637.45|12.00|436.49|0.00|0.00|0.00|0.00|0.00|0.00|
|C170|4|PROD001|PECA MECANICA TIPO A|4.93|UN|381.62|6101|40|0.00|12.00|0.00|0.00|0.00|0.00|0.00|0.00|0.00|
|C170|5|PROD003|MATERIAL BRUTO C|21.67|UN|6575.89|6101|60|0.00|12.00|0.00|0.00|0.00|0.00|0.00|0.00|0.00|
|C100|1|0|11223344000166|55|00|000000092|000|25012024|28012024|11808.64|1335.55|160.26|0.00|0.00|0.00|0.00|0.00|0.00|0.00|0|33366699000100|
|C170|1|PROD007|PARTE SOBRESSALENTE G|4.10|UN|356.59|6101|00|336.11|12.00|40.33|0.00|0.00|0.00|0.00|0.00|0.00|
|C170|2|PROD008|CONJUNTO MONTADO H|13.30|UN|10377.33|6101|30|0.00|12.00|0.00|0.00|0.00|0.00|0.00|0.00|0.00|
|C170|3|PROD002|COMPONENTE ELETRICO B|8.01|UN|572.07|6101|20|567.90|12.00|68.15|0.00|0.00|0.00|0.00|0.00|0.00|
|C170|4|PROD001|PECA MECANICA TIPO A|5.02|UN|502.65|6101|20|431.54|12.00|51.78|0.00|0.00|0.00|0.00|0.00|0.00|
|C100|1|0|11223344000166|55|00|000000093|000|11012024|12012024|74122.97|42290.46|5074.85|0.00|0.00|0.00|0.00|0.00|0.00|0.00|0|55512312300010|
|C170|1|PROD005|INSUMO INDUSTRIAL E|4.79|UN|80.10|6102|50|0.00|12.00|0.00|0.00|0.00|0.00|0.00|0.00|0.00|
|C170|2|PROD004|PRODUTO ACABADO D|38.33|UN|29893.20|6102|40|0.00|12.00|0.00|0.00|0.00|0.00|0.00|0.00|0.00|
|C170|3|PROD008|CONJUNTO MONTADO H|35.22|UN|37818.80|6102|10|36619.10|12.00|4394.29|0.00|0.00|0.00|0.00|0.00|0.00|
|C170|4|PROD001|PECA MECANICA TIPO A|42.48|UN|4845.15|6102|00|4402.16|12.00|528.26|0.00|0.00|0.00|0.00|0.00|0.00|
|C170|5|PROD007|PARTE SOBRESSALENTE G|16.26|UN|1485.72|6102|20|1269.20|12.00|152.30|0.00|0.00|0.00|0.00|0.00|0.00|
|C100|1|0|11223344000166|55|00|000000094|000|03012024|04012024|5795.07|557.49|66.90|0.00|0.00|0.00|0.00|0.00|0.00|0.00|0|33366699000100|
|C170|1|PROD006|EMBALAGEM PADRAO F|45.54|UN|434.91|5102|00|377.19|12.00|45.26|0.00|0.00|0.00|0.00|0.00|0.00|
|C170|2|PROD007|PARTE SOBRESSALENTE G|37.42|UN|4028.37|5102|40|0.00|12.00|0.00|0.00|0.00|0.00|0.00|0.00|0.00|
|C170|3|PROD007|PARTE SOBRESSALENTE G|11.96|UN|1040.84|5102|40|0.00|12.00|0.00|0.00|0.00|0.00|0.00|0.00|0.00|
|C170|4|PROD005|INSUMO INDUSTRIAL E|6.71|UN|106.05|5102|40|0.00|12.00|0.00|0.00|0.00|0.00|0.00|0.00|0.00|
|C170|5|PROD006|EMBALAGEM PADRAO F|29.54|UN|184.90|5102|20|180.30|12.00|21.64|0.00|0.00|0.00|0.00|0.00|0.00|
|C100|1|0|11223344000166|55|00|000000095|000|29012024|30012024|12478.24|569.61|68.35|0.00|0.00|0.00|0.00|0.00|0.00|0.00|0|55512312300010|
|C170|1|PROD003|MATERIAL BRUTO C|40.05|UN|11852.61|6101|60|0.00|12.00|0.00|0.00|0.00|0.00|0.00|0.00|0.00|
|C170|2|PROD006|EMBALAGEM PADRAO F|20.62|UN|228.85|6101|00|206.02|12.00|24.72|0.00|0.00|0.00|0.00|0.00|0.00|
|C170|3|PROD005|INSUMO INDUSTRIAL E|26.09|UN|396.78|6101|20|363.59|12.00|43.63|0.00|0.00|0.00|0.00|0.00|0.00|
|C100|1|0|11223344000166|55|00|000000096|000|09012024|10012024|54669.13|18220.55|2186.47|0.00|0.00|0.00|0.00|0.00|0.00|0.00|0|55512312300010|
|C170|1|PROD003|MATERIAL BRUTO C|33.87|UN|10990.86|6102|10|9589.05|12.00|1150.69|0.00|0.00|0.00|0.00|0.00|0.00|
|C170|2|PROD006|EMBALAGEM PADRAO F|33.00|UN|201.65|6102|51|188.60|12.00|22.63|0.00|0.00|0.00|0.00|0.00|0.00|
|C170|3|PROD005|INSUMO INDUSTRIAL E|25.54|UN|940.71|6102|30|0.00|12.00|0.00|0.00|0.00|0.00|0.00|0.00|0.00|
|C170|4|PROD008|CONJUNTO MONTADO H|24.78|UN|33784.55|6102|40|0.00|12.00|0.00|0.00|0.00|0.00|0.00|0.00|0.00|
|C170|5|PROD003|MATERIAL BRUTO C|27.35|UN|8751.36|6102|00|8442.90|12.00|1013.15|0.00|0.00|0.00|0.00|0.00|0.00|
|C100|1|0|11223344000166|55|00|000000097|000|23012024|25012024|3845.84|2117.25|254.07|0.00|0.00|0.00|0.00|0.00|0.00|0.00|0|99900011000155|
|C170|1|PROD001|PECA MECANICA TIPO A|28.91|UN|1516.07|5101|40|0.00|12.00|0.00|0.00|0.00|0.00|0.00|0.00|0.00|
|C170|2|PROD002|COMPONENTE ELETRICO B|32.52|UN|2329.77|5101|00|2117.25|12.00|254.07|0.00|0.00|0.00|0.00|0.00|0.00|
|C100|1|0|11223344000166|55|00|000000098|000|05012024|06012024|27674.62|26526.36|3183.16|0.00|0.00|0.00|0.00|0.00|0.00|0.00|0|22244466000133|
|C170|1|PROD004|PRODUTO ACABADO D|39.75|UN|27153.16|5401|00|26526.36|12.00|3183.16|0.00|0.00|0.00|0.00|0.00|0.00|
|C170|2|PROD006|EMBALAGEM PADRAO F|49.33|UN|521.46|5401|30|0.00|12.00|0.00|0.00|0.00|0.00|0.00|0.00|0.00|
|C100|1|0|11223344000166|55|00|000000099|000|23012024|25012024|28540.56|0.00|0.00|0.00|0.00|0.00|0.00|0.00|0.00|0.00|0|55512312300010|
|C170|1|PROD008|CONJUNTO MONTADO H|22.19|UN|28540.56|5403|30|0.00|12.00|0.00|0.00|0.00|0.00|0.00|0.00|0.00|
|C100|1|0|11223344000166|55|00|000000100|000|24012024|26012024|21382.77|12396.65|1487.59|0.00|0.00|0.00|0.00|0.00|0.00|0.00|0|22244466000133|
|C170|1|PROD004|PRODUTO ACABADO D|6.78|UN|4608.15|5401|40|0.00|12.00|0.00|0.00|0.00|0.00|0.00|0.00|0.00|
|C170|2|PROD001|PECA MECANICA TIPO A|26.21|UN|3115.73|5401|41|0.00|12.00|0.00|0.00|0.00|0.00|0.00|0.00|0.00|
|C170|3|PROD007|PARTE SOBRESSALENTE G|43.64|UN|5690.96|5401|20|4875.00|12.00|585.00|0.00|0.00|0.00|0.00|0.00|0.00|
|C170|4|PROD005|INSUMO INDUSTRIAL E|22.30|UN|588.86|5401|10|581.62|12.00|69.79|0.00|0.00|0.00|0.00|0.00|0.00|
|C170|5|PROD003|MATERIAL BRUTO C|21.27|UN|7379.07|5401|20|6940.03|12.00|832.80|0.00|0.00|0.00|0.00|0.00|0.00|
|C100|1|0|11223344000166|55|00|000000101|000|24012024|25012024|23832.78|0.00|0.00|0.00|0.00|0.00|0.00|0.00|0.00|0.00|0|77788899000177|
|C170|1|PROD004|PRODUTO ACABADO D|20.15|UN|10806.31|5401|40|0.00|12.00|0.00|0.00|0.00|0.00|0.00|0.00|0.00|
|C170|2|PROD003|MATERIAL BRUTO C|28.59|UN|6258.65|5401|40|0.00|12.00|0.00|0.00|0.00|0.00|0.00|0.00|0.00|
|C170|3|PROD002|COMPONENTE ELETRICO B|13.15|UN|786.19|5401|60|0.00|12.00|0.00|0.00|0.00|0.00|0.00|0.00|0.00|
|C170|4|PROD002|COMPONENTE ELETRICO B|37.25|UN|3134.13|5401|40|0.00|12.00|0.00|0.00|0.00|0.00|0.00|0.00|0.00|
|C170|5|PROD002|COMPONENTE ELETRICO B|36.35|UN|2847.50|5401|41|0.00|12.00|0.00|0.00|0.00|0.00|0.00|0.00|0.00|
|C100|1|0|11223344000166|55|00|000000102|000|05012024|06012024|8752.33|7677.22|921.27|0.00|0.00|0.00|0.00|0.00|0.00|0.00|0|33366699000100|
|C170|1|PROD002|COMPONENTE ELETRICO B|4.57|UN|245.79|5403|30|0.00|12.00|0.00|0.00|0.00|0.00|0.00|0.00|0.00|
|C170|2|PROD006|EMBALAGEM PADRAO F|27.68|UN|226.70|5403|70|0.00|12.00|0.00|0.00|0.00|0.00|0.00|0.00|0.00|
|C170|3|PROD001|PECA MECANICA TIPO A|39.36|UN|3870.17|5403|00|3775.39|12.00|453.05|0.00|0.00|0.00|0.00|0.00|0.00|
|C170|4|PROD002|COMPONENTE ELETRICO B|17.55|UN|841.89|5403|10|764.84|12.00|91.78|0.00|0.00|0.00|0.00|0.00|0.00|
|C170|5|PROD001|PECA MECANICA TIPO A|34.83|UN|3567.78|5403|00|3136.99|12.00|376.44|0.00|0.00|0.00|0.00|0.00|0.00|
|C100|1|0|11223344000166|55|00|000000103|000|22012024|22012024|8345.68|3481.48|417.78|0.00|0.00|0.00|0.00|0.00|0.00|0.00|0|99900011000155|
|C170|1|PROD002|COMPONENTE ELETRICO B|45.36|UN|3775.77|5102|00|3241.49|12.00|388.98|0.00|0.00|0.00|0.00|0.00|0.00|
|C170|2|PROD006|EMBALAGEM PADRAO F|25.11|UN|257.40|5102|90|239.99|12.00|28.80|0.00|0.00|0.00|0.00|0.00|0.00|
|C170|3|PROD002|COMPONENTE ELETRICO B|10.11|UN|320.48|5102|40|0.00|12.00|0.00|0.00|0.00|0.00|0.00|0.00|0.00|
|C170|4|PROD002|COMPONENTE ELETRICO B|22.85|UN|1864.80|5102|40|0.00|12.00|0.00|0.00|0.00|0.00|0.00|0.00|0.00|
|C170|5|PROD007|PARTE SOBRESSALENTE G|25.42|UN|2127.23|5102|41|0.00|12.00|0.00|0.00|0.00|0.00|0.00|0.00|0.00|
|C100|1|0|11223344000166|55|00|000000104|000|08012024|09012024|38737.90|30788.86|3694.66|0.00|0.00|0.00|0.00|0.00|0.00|0.00|0|77788899000177|
|C170|1|PROD007|PARTE SOBRESSALENTE G|25.22|UN|2968.38|5401|40|0.00|12.00|0.00|0.00|0.00|0.00|0.00|0.00|0.00|
|C170|2|PROD005|INSUMO INDUSTRIAL E|30.26|UN|519.80|5401|40|0.00|12.00|0.00|0.00|0.00|0.00|0.00|0.00|0.00|
|C170|3|PROD008|CONJUNTO MONTADO H|29.89|UN|35156.26|5401|00|30698.99|12.00|3683.88|0.00|0.00|0.00|0.00|0.00|0.00|
|C170|4|PROD002|COMPONENTE ELETRICO B|2.18|UN|93.46|5401|20|89.87|12.00|10.78|0.00|0.00|0.00|0.00|0.00|0.00|
|C100|1|0|11223344000166|55|00|000000105|000|29012024|01022024|238.38|0.00|0.00|0.00|0.00|0.00|0.00|0.00|0.00|0.00|0|33366699000100|
|C170|1|PROD006|EMBALAGEM PADRAO F|44.56|UN|238.38|5401|40|0.00|12.00|0.00|0.00|0.00|0.00|0.00|0.00|0.00|
|C100|1|0|11223344000166|55|00|000000106|000|23012024|25012024|4257.03|3704.36|444.52|0.00|0.00|0.00|0.00|0.00|0.00|0.00|0|22244466000133|
|C170|1|PROD008|CONJUNTO MONTADO H|4.96|UN|4257.03|6101|00|3704.36|12.00|444.52|0.00|0.00|0.00|0.00|0.00|0.00|
|C100|1|0|11223344000166|55|00|000000107|000|19012024|22012024|2692.71|398.37|47.80|0.00|0.00|0.00|0.00|0.00|0.00|0.00|0|22244466000133|
|C170|1|PROD005|INSUMO INDUSTRIAL E|22.20|UN|467.53|6102|00|398.37|12.00|47.80|0.00|0.00|0.00|0.00|0.00|0.00|
|C170|2|PROD005|INSUMO INDUSTRIAL E|1.94|UN|65.12|6102|70|0.00|12.00|0.00|0.00|0.00|0.00|0.00|0.00|0.00|
|C170|3|PROD002|COMPONENTE ELETRICO B|28.54|UN|2160.06|6102|60|0.00|12.00|0.00|0.00|0.00|0.00|0.00|0.00|0.00|
|C100|1|0|11223344000166|55|00|000000108|000|24012024|25012024|21986.81|0.00|0.00|0.00|0.00|0.00|0.00|0.00|0.00|0.00|0|22244466000133|
|C170|1|PROD001|PECA MECANICA TIPO A|21.29|UN|1967.22|6102|60|0.00|12.00|0.00|0.00|0.00|0.00|0.00|0.00|0.00|
|C170|2|PROD006|EMBALAGEM PADRAO F|44.55|UN|353.72|6102|60|0.00|12.00|0.00|0.00|0.00|0.00|0.00|0.00|0.00|
|C170|3|PROD001|PECA MECANICA TIPO A|36.28|UN|3175.40|6102|30|0.00|12.00|0.00|0.00|0.00|0.00|0.00|0.00|0.00|
|C170|4|PROD004|PRODUTO ACABADO D|32.62|UN|16490.47|6102|40|0.00|12.00|0.00|0.00|0.00|0.00|0.00|0.00|0.00|
|C100|1|0|11223344000166|55|00|000000109|000|20012024|22012024|29095.99|2627.51|315.30|0.00|0.00|0.00|0.00|0.00|0.00|0.00|0|99900011000155|
|C170|1|PROD007|PARTE SOBRESSALENTE G|29.35|UN|2733.09|6102|00|2627.51|12.00|315.30|0.00|0.00|0.00|0.00|0.00|0.00|
|C170|2|PROD008|CONJUNTO MONTADO H|25.03|UN|26362.90|6102|40|0.00|12.00|0.00|0.00|0.00|0.00|0.00|0.00|0.00|
|C100|1|0|11223344000166|55|00|000000110|000|23012024|24012024|20131.74|17342.76|2081.13|0.00|0.00|0.00|0.00|0.00|0.00|0.00|0|33366699000100|
|C170|1|PROD001|PECA MECANICA TIPO A|2.90|UN|283.01|6102|40|0.00|12.00|0.00|0.00|0.00|0.00|0.00|0.00|0.00|
|C170|2|PROD008|CONJUNTO MONTADO H|26.38|UN|19848.73|6102|00|17342.76|12.00|2081.13|0.00|0.00|0.00|0.00|0.00|0.00|
|C100|1|0|11223344000166|55|00|000000111|000|24012024|25012024|5515.03|2080.54|249.67|0.00|0.00|0.00|0.00|0.00|0.00|0.00|0|77788899000177|
|C170|1|PROD003|MATERIAL BRUTO C|5.44|UN|1815.07|6102|10|1576.47|12.00|189.18|0.00|0.00|0.00|0.00|0.00|0.00|
|C170|2|PROD006|EMBALAGEM PADRAO F|25.94|UN|226.97|6102|10|224.94|12.00|26.99|0.00|0.00|0.00|0.00|0.00|0.00|
|C170|3|PROD005|INSUMO INDUSTRIAL E|13.27|UN|320.55|6102|20|279.13|12.00|33.50|0.00|0.00|0.00|0.00|0.00|0.00|
|C170|4|PROD007|PARTE SOBRESSALENTE G|30.31|UN|3152.44|6102|50|0.00|12.00|0.00|0.00|0.00|0.00|0.00|0.00|0.00|
|C100|1|0|11223344000166|55|00|000000112|000|11012024|13012024|3387.19|1247.91|149.75|0.00|0.00|0.00|0.00|0.00|0.00|0.00|0|99900011000155|
|C170|1|PROD001|PECA MECANICA TIPO A|10.30|UN|554.91|5403|00|508.23|12.00|60.99|0.00|0.00|0.00|0.00|0.00|0.00|
|C170|2|PROD002|COMPONENTE ELETRICO B|4.36|UN|338.28|5403|00|320.08|12.00|38.41|0.00|0.00|0.00|0.00|0.00|0.00|
|C170|3|PROD002|COMPONENTE ELETRICO B|37.21|UN|2025.98|5403|40|0.00|12.00|0.00|0.00|0.00|0.00|0.00|0.00|0.00|
|C170|4|PROD006|EMBALAGEM PADRAO F|40.70|UN|468.02|5403|00|419.60|12.00|50.35|0.00|0.00|0.00|0.00|0.00|0.00|
|C100|1|0|11223344000166|55|00|000000113|000|01012024|02012024|10832.28|10040.73|1204.89|0.00|0.00|0.00|0.00|0.00|0.00|0.00|0|55512312300010|
|C170|1|PROD003|MATERIAL BRUTO C|34.66|UN|7988.21|5401|00|7241.17|12.00|868.94|0.00|0.00|0.00|0.00|0.00|0.00|
|C170|2|PROD003|MATERIAL BRUTO C|8.73|UN|2844.07|5401|00|2799.56|12.00|335.95|0.00|0.00|0.00|0.00|0.00|0.00|
|C100|1|0|11223344000166|55|00|000000114|000|15012024|18012024|19291.47|2901.89|348.23|0.00|0.00|0.00|0.00|0.00|0.00|0.00|0|99900011000155|
|C170|1|PROD005|INSUMO INDUSTRIAL E|35.39|UN|1068.90|5403|20|1024.63|12.00|122.96|0.00|0.00|0.00|0.00|0.00|0.00|
|C170|2|PROD001|PECA MECANICA TIPO A|1.97|UN|122.09|5403|40|0.00|12.00|0.00|0.00|0.00|0.00|0.00|0.00|0.00|
|C170|3|PROD004|PRODUTO ACABADO D|18.98|UN|15953.91|5403|40|0.00|12.00|0.00|0.00|0.00|0.00|0.00|0.00|0.00|
|C170|4|PROD004|PRODUTO ACABADO D|3.84|UN|2094.48|5403|90|1877.26|12.00|225.27|0.00|0.00|0.00|0.00|0.00|0.00|
|C170|5|PROD005|INSUMO INDUSTRIAL E|3.30|UN|52.09|5403|40|0.00|12.00|0.00|0.00|0.00|0.00|0.00|0.00|0.00|
|C100|1|0|11223344000166|55|00|000000115|000|12012024|13012024|4186.86|0.00|0.00|0.00|0.00|0.00|0.00|0.00|0.00|0.00|0|77788899000177|
|C170|1|PROD004|PRODUTO ACABADO D|5.74|UN|4186.86|5102|40|0.00|12.00|0.00|0.00|0.00|0.00|0.00|0.00|0.00|
|C100|1|0|11223344000166|55|00|000000116|000|29012024|29012024|43255.61|42311.37|5077.36|0.00|0.00|0.00|0.00|0.00|0.00|0.00|0|33366699000100|
|C170|1|PROD008|CONJUNTO MONTADO H|26.18|UN|36376.00|5401|10|35881.78|12.00|4305.81|0.00|0.00|0.00|0.00|0.00|0.00|
|C170|2|PROD007|PARTE SOBRESSALENTE G|47.14|UN|6879.61|5401|00|6429.59|12.00|771.55|0.00|0.00|0.00|0.00|0.00|0.00|
|C100|1|0|11223344000166|55|00|000000117|000|27012024|27012024|3560.69|752.13|90.26|0.00|0.00|0.00|0.00|0.00|0.00|0.00|0|33366699000100|
|C170|1|PROD006|EMBALAGEM PADRAO F|49.99|UN|415.96|6101|60|0.00|12.00|0.00|0.00|0.00|0.00|0.00|0.00|0.00|
|C170|2|PROD005|INSUMO INDUSTRIAL E|45.80|UN|842.79|6101|00|752.13|12.00|90.26|0.00|0.00|0.00|0.00|0.00|0.00|
|C170|3|PROD003|MATERIAL BRUTO C|11.32|UN|2301.94|6101|30|0.00|12.00|0.00|0.00|0.00|0.00|0.00|0.00|0.00|
|C100|1|0|11223344000166|55|00|000000118|000|18012024|21012024|33315.73|28463.44|3415.61|0.00|0.00|0.00|0.00|0.00|0.00|0.00|0|22244466000133|
|C170|1|PROD004|PRODUTO ACABADO D|43.72|UN|32816.60|5401|00|28463.44|12.00|3415.61|0.00|0.00|0.00|0.00|0.00|0.00|
|C170|2|PROD002|COMPONENTE ELETRICO B|12.31|UN|499.13|5401|40|0.00|12.00|0.00|0.00|0.00|0.00|0.00|0.00|0.00|
|C100|1|0|11223344000166|55|00|000000119|000|28012024|29012024|2045.32|1811.76|217.41|0.00|0.00|0.00|0.00|0.00|0.00|0.00|0|55512312300010|
|C170|1|PROD001|PECA MECANICA TIPO A|24.54|UN|2045.32|6102|00|1811.76|12.00|217.41|0.00|0.00|0.00|0.00|0.00|0.00|
|C100|1|0|11223344000166|55|00|000000120|000|11012024|12012024|50366.55|39590.07|4750.81|0.00|0.00|0.00|0.00|0.00|0.00|0.00|0|77788899000177|
|C170|1|PROD007|PARTE SOBRESSALENTE G|23.95|UN|3198.82|5102|40|0.00|12.00|0.00|0.00|0.00|0.00|0.00|0.00|0.00|
|C170|2|PROD007|PARTE SOBRESSALENTE G|41.79|UN|4580.40|5102|60|0.00|12.00|0.00|0.00|0.00|0.00|0.00|0.00|0.00|
|C170|3|PROD004|PRODUTO ACABADO D|44.80|UN|42587.33|5102|51|39590.07|12.00|4750.81|0.00|0.00|0.00|0.00|0.00|0.00|
|C100|1|0|11223344000166|55|00|000000121|000|17012024|20012024|6656.53|0.00|0.00|0.00|0.00|0.00|0.00|0.00|0.00|0.00|0|77788899000177|
|C170|1|PROD001|PECA MECANICA TIPO A|42.12|UN|2754.36|5101|40|0.00|12.00|0.00|0.00|0.00|0.00|0.00|0.00|0.00|
|C170|2|PROD001|PECA MECANICA TIPO A|29.66|UN|1716.13|5101|41|0.00|12.00|0.00|0.00|0.00|0.00|0.00|0.00|0.00|
|C170|3|PROD002|COMPONENTE ELETRICO B|35.56|UN|2186.04|5101|50|0.00|12.00|0.00|0.00|0.00|0.00|0.00|0.00|0.00|
|C100|1|0|11223344000166|55|00|000000122|000|22012024|24012024|648.58|59.71|7.17|0.00|0.00|0.00|0.00|0.00|0.00|0.00|0|33366699000100|
|C170|1|PROD006|EMBALAGEM PADRAO F|10.60|UN|70.05|5403|00|59.71|12.00|7.17|0.00|0.00|0.00|0.00|0.00|0.00|
|C170|2|PROD006|EMBALAGEM PADRAO F|45.12|UN|239.59|5403|40|0.00|12.00|0.00|0.00|0.00|0.00|0.00|0.00|0.00|
|C170|3|PROD006|EMBALAGEM PADRAO F|45.99|UN|338.94|5403|41|0.00|12.00|0.00|0.00|0.00|0.00|0.00|0.00|0.00|
|C100|1|0|11223344000166|55|00|000000123|000|04012024|06012024|17224.98|4240.44|508.85|0.00|0.00|0.00|0.00|0.00|0.00|0.00|0|99900011000155|
|C170|1|PROD008|CONJUNTO MONTADO H|8.45|UN|11537.60|6102|30|0.00|12.00|0.00|0.00|0.00|0.00|0.00|0.00|0.00|
|C170|2|PROD002|COMPONENTE ELETRICO B|2.64|UN|187.75|6102|50|0.00|12.00|0.00|0.00|0.00|0.00|0.00|0.00|0.00|
|C170|3|PROD001|PECA MECANICA TIPO A|14.52|UN|790.25|6102|40|0.00|12.00|0.00|0.00|0.00|0.00|0.00|0.00|0.00|
|C170|4|PROD007|PARTE SOBRESSALENTE G|42.77|UN|4282.33|6102|00|4240.44|12.00|508.85|0.00|0.00|0.00|0.00|0.00|0.00|
|C170|5|PROD002|COMPONENTE ELETRICO B|12.67|UN|427.05|6102|50|0.00|12.00|0.00|0.00|0.00|0.00|0.00|0.00|0.00|
|C100|1|0|11223344000166|55|00|000000124|000|28012024|29012024|63289.97|44620.70|5354.48|0.00|0.00|0.00|0.00|0.00|0.00|0.00|0|99900011000155|
|C170|1|PROD004|PRODUTO ACABADO D|43.51|UN|22993.82|6102|00|20016.48|12.00|2401.98|0.00|0.00|0.00|0.00|0.00|0.00|
|C170|2|PROD007|PARTE SOBRESSALENTE G|32.29|UN|2629.37|6102|00|2513.69|12.00|301.64|0.00|0.00|0.00|0.00|0.00|0.00|
|C170|3|PROD003|MATERIAL BRUTO C|38.02|UN|13041.35|6102|40|0.00|12.00|0.00|0.00|0.00|0.00|0.00|0.00|0.00|
|C170|4|PROD004|PRODUTO ACABADO D|29.25|UN|24397.67|6102|20|22090.53|12.00|2650.86|0.00|0.00|0.00|0.00|0.00|0.00|
|C170|5|PROD005|INSUMO INDUSTRIAL E|11.40|UN|227.76|6102|41|0.00|12.00|0.00|0.00|0.00|0.00|0.00|0.00|0.00|
|C100|1|0|11223344000166|55|00|000000125|000|13012024|15012024|65042.82|57172.02|6860.64|0.00|0.00|0.00|0.00|0.00|0.00|0.00|0|33366699000100|
|C170|1|PROD002|COMPONENTE ELETRICO B|31.84|UN|1033.27|5101|40|0.00|12.00|0.00|0.00|0.00|0.00|0.00|0.00|0.00|
|C170|2|PROD003|MATERIAL BRUTO C|2.99|UN|801.62|5101|60|0.00|12.00|0.00|0.00|0.00|0.00|0.00|0.00|0.00|
|C170|3|PROD008|CONJUNTO MONTADO H|46.52|UN|41506.00|5101|00|40395.70|12.00|4847.48|0.00|0.00|0.00|0.00|0.00|0.00|
|C170|4|PROD001|PECA MECANICA TIPO A|39.62|UN|4204.29|5101|40|0.00|12.00|0.00|0.00|0.00|0.00|0.00|0.00|0.00|
|C170|5|PROD004|PRODUTO ACABADO D|31.93|UN|17497.64|5101|00|16776.32|12.00|2013.16|0.00|0.00|0.00|0.00|0.00|0.00|
|C100|1|0|11223344000166|55|00|000000126|000|25012024|25012024|7315.93|5973.75|716.85|0.00|0.00|0.00|0.00|0.00|0.00|0.00|0|77788899000177|
|C170|1|PROD003|MATERIAL BRUTO C|28.68|UN|6608.79|5403|00|5973.75|12.00|716.85|0.00|0.00|0.00|0.00|0.00|0.00|
|C170|2|PROD005|INSUMO INDUSTRIAL E|32.88|UN|707.14|5403|40|0.00|12.00|0.00|0.00|0.00|0.00|0.00|0.00|0.00|
|C100|1|0|11223344000166|55|00|000000127|000|28012024|30012024|15204.11|0.00|0.00|0.00|0.00|0.00|0.00|0.00|0.00|0.00|0|22244466000133|
|C170|1|PROD004|PRODUTO ACABADO D|17.04|UN|15204.11|5102|70|0.00|12.00|0.00|0.00|0.00|0.00|0.00|0.00|0.00|
|C100|1|0|11223344000166|55|00|000000128|000|13012024|13012024|14680.69|13206.87|1584.83|0.00|0.00|0.00|0.00|0.00|0.00|0.00|0|99900011000155|
|C170|1|PROD003|MATERIAL BRUTO C|44.98|UN|13520.54|5102|00|12126.82|12.00|1455.22|0.00|0.00|0.00|0.00|0.00|0.00|
|C170|2|PROD001|PECA MECANICA TIPO A|10.67|UN|1160.15|5102|10|1080.05|12.00|129.61|0.00|0.00|0.00|0.00|0.00|0.00|
|C100|1|0|11223344000166|55|00|000000129|000|08012024|10012024|2346.58|2338.20|280.58|0.00|0.00|0.00|0.00|0.00|0.00|0.00|0|99900011000155|
|C170|1|PROD002|COMPONENTE ELETRICO B|28.47|UN|2346.58|5101|00|2338.20|12.00|280.58|0.00|0.00|0.00|0.00|0.00|0.00|
|C100|1|0|11223344000166|55|00|000000130|000|19012024|22012024|16339.66|3800.19|456.02|0.00|0.00|0.00|0.00|0.00|0.00|0.00|0|99900011000155|
|C170|1|PROD008|CONJUNTO MONTADO H|12.22|UN|9245.21|5401|40|0.00|12.00|0.00|0.00|0.00|0.00|0.00|0.00|0.00|
|C170|2|PROD005|INSUMO INDUSTRIAL E|34.01|UN|1159.64|5401|00|1061.16|12.00|127.34|0.00|0.00|0.00|0.00|0.00|0.00|
|C170|3|PROD003|MATERIAL BRUTO C|9.88|UN|2918.75|5401|40|0.00|12.00|0.00|0.00|0.00|0.00|0.00|0.00|0.00|
|C170|4|PROD002|COMPONENTE ELETRICO B|43.71|UN|3016.06|5401|00|2739.03|12.00|328.68|0.00|0.00|0.00|0.00|0.00|0.00|
|C100|1|0|11223344000166|55|00|000000131|000|31012024|02022024|21889.65|1577.76|189.34|0.00|0.00|0.00|0.00|0.00|0.00|0.00|0|77788899000177|
|C170|1|PROD004|PRODUTO ACABADO D|21.39|UN|18769.89|5401|50|0.00|12.00|0.00|0.00|0.00|0.00|0.00|0.00|0.00|
|C170|2|PROD005|INSUMO INDUSTRIAL E|42.71|UN|1352.99|5401|51|1180.63|12.00|141.68|0.00|0.00|0.00|0.00|0.00|0.00|
|C170|3|PROD002|COMPONENTE ELETRICO B|17.95|UN|1356.74|5401|50|0.00|12.00|0.00|0.00|0.00|0.00|0.00|0.00|0.00|
|C170|4|PROD006|EMBALAGEM PADRAO F|40.24|UN|410.03|5401|20|397.13|12.00|47.66|0.00|0.00|0.00|0.00|0.00|0.00|
|C100|1|0|11223344000166|55|00|000000132|000|28012024|29012024|6281.35|2621.96|314.64|0.00|0.00|0.00|0.00|0.00|0.00|0.00|0|33366699000100|
|C170|1|PROD001|PECA MECANICA TIPO A|31.55|UN|2804.03|6102|10|2621.96|12.00|314.64|0.00|0.00|0.00|0.00|0.00|0.00|
|C170|2|PROD002|COMPONENTE ELETRICO B|45.97|UN|3477.32|6102|40|0.00|12.00|0.00|0.00|0.00|0.00|0.00|0.00|0.00|
|C100|1|0|11223344000166|55|00|000000133|000|16012024|18012024|5800.01|5199.85|623.98|0.00|0.00|0.00|0.00|0.00|0.00|0.00|0|99900011000155|
|C170|1|PROD002|COMPONENTE ELETRICO B|47.64|UN|1721.09|5401|00|1701.78|12.00|204.21|0.00|0.00|0.00|0.00|0.00|0.00|
|C170|2|PROD004|PRODUTO ACABADO D|8.00|UN|4078.92|5401|90|3498.07|12.00|419.77|0.00|0.00|0.00|0.00|0.00|0.00|
|C100|1|0|11223344000166|55|00|000000134|000|26012024|26012024|36190.86|20988.55|2518.62|0.00|0.00|0.00|0.00|0.00|0.00|0.00|0|55512312300010|
|C170|1|PROD001|PECA MECANICA TIPO A|28.98|UN|2539.69|5102|20|2186.11|12.00|262.33|0.00|0.00|0.00|0.00|0.00|0.00|
|C170|2|PROD001|PECA MECANICA TIPO A|21.40|UN|1392.00|5102|30|0.00|12.00|0.00|0.00|0.00|0.00|0.00|0.00|0.00|
|C170|3|PROD003|MATERIAL BRUTO C|37.23|UN|12723.20|5102|00|10927.99|12.00|1311.36|0.00|0.00|0.00|0.00|0.00|0.00|
|C170|4|PROD004|PRODUTO ACABADO D|11.45|UN|10817.39|5102|70|0.00|12.00|0.00|0.00|0.00|0.00|0.00|0.00|0.00|
|C170|5|PROD003|MATERIAL BRUTO C|32.08|UN|8718.58|5102|10|7874.45|12.00|944.93|0.00|0.00|0.00|0.00|0.00|0.00|
|C100|1|0|11223344000166|55|00|000000135|000|05012024|06012024|349.43|136.04|16.32|0.00|0.00|0.00|0.00|0.00|0.00|0.00|0|99900011000155|
|C170|1|PROD005|INSUMO INDUSTRIAL E|5.78|UN|148.10|6101|00|136.04|12.00|16.32|0.00|0.00|0.00|0.00|0.00|0.00|
|C170|2|PROD005|INSUMO INDUSTRIAL E|5.18|UN|201.33|6101|40|0.00|12.00|0.00|0.00|0.00|0.00|0.00|0.00|0.00|
|C100|1|0|11223344000166|55|00|000000136|000|28012024|28012024|5981.97|5446.10|653.53|0.00|0.00|0.00|0.00|0.00|0.00|0.00|0|99900011000155|
|C170|1|PROD007|PARTE SOBRESSALENTE G|45.57|UN|4090.00|5403|10|3690.42|12.00|442.85|0.00|0.00|0.00|0.00|0.00|0.00|
|C170|2|PROD007|PARTE SOBRESSALENTE G|15.42|UN|1891.97|5403|20|1755.68|12.00|210.68|0.00|0.00|0.00|0.00|0.00|0.00|
|C100|1|0|11223344000166|55|00|000000137|000|07012024|10012024|1780.11|1554.46|186.54|0.00|0.00|0.00|0.00|0.00|0.00|0.00|0|22244466000133|
|C170|1|PROD002|COMPONENTE ELETRICO B|43.45|UN|1780.11|5102|00|1554.46|12.00|186.54|0.00|0.00|0.00|0.00|0.00|0.00|
|C100|1|0|11223344000166|55|00|000000138|000|16012024|16012024|47369.81|0.00|0.00|0.00|0.00|0.00|0.00|0.00|0.00|0.00|0|77788899000177|
|C170|1|PROD003|MATERIAL BRUTO C|8.84|UN|2235.29|5401|30|0.00|12.00|0.00|0.00|0.00|0.00|0.00|0.00|0.00|
|C170|2|PROD008|CONJUNTO MONTADO H|31.24|UN|27601.33|5401|40|0.00|12.00|0.00|0.00|0.00|0.00|0.00|0.00|0.00|
|C170|3|PROD002|COMPONENTE ELETRICO B|3.46|UN|148.86|5401|40|0.00|12.00|0.00|0.00|0.00|0.00|0.00|0.00|0.00|
|C170|4|PROD008|CONJUNTO MONTADO H|6.91|UN|7297.10|5401|30|0.00|12.00|0.00|0.00|0.00|0.00|0.00|0.00|0.00|
|C170|5|PROD003|MATERIAL BRUTO C|32.74|UN|10087.23|5401|40|0.00|12.00|0.00|0.00|0.00|0.00|0.00|0.00|0.00|
|C100|1|0|11223344000166|55|00|000000139|000|24012024|24012024|1717.79|1548.60|185.83|0.00|0.00|0.00|0.00|0.00|0.00|0.00|0|33366699000100|
|C170|1|PROD006|EMBALAGEM PADRAO F|9.62|UN|63.27|5401|40|0.00|12.00|0.00|0.00|0.00|0.00|0.00|0.00|0.00|
|C170|2|PROD005|INSUMO INDUSTRIAL E|41.99|UN|1654.52|5401|00|1548.60|12.00|185.83|0.00|0.00|0.00|0.00|0.00|0.00|
|C100|1|0|11223344000166|55|00|000000140|000|16012024|16012024|249.49|0.00|0.00|0.00|0.00|0.00|0.00|0.00|0.00|0.00|0|33366699000100|
|C170|1|PROD006|EMBALAGEM PADRAO F|41.51|UN|249.49|6101|41|0.00|12.00|0.00|0.00|0.00|0.00|0.00|0.00|0.00|
|C100|1|0|11223344000166|55|00|000000141|000|05012024|05012024|14154.69|0.00|0.00|0.00|0.00|0.00|0.00|0.00|0.00|0.00|0|22244466000133|
|C170|1|PROD008|CONJUNTO MONTADO H|13.77|UN|11462.84|6102|40|0.00|12.00|0.00|0.00|0.00|0.00|0.00|0.00|0.00|
|C170|2|PROD001|PECA MECANICA TIPO A|24.13|UN|1491.60|6102|41|0.00|12.00|0.00|0.00|0.00|0.00|0.00|0.00|0.00|
|C170|3|PROD002|COMPONENTE ELETRICO B|16.78|UN|1200.25|6102|41|0.00|12.00|0.00|0.00|0.00|0.00|0.00|0.00|0.00|
|C100|1|0|11223344000166|55|00|000000142|000|07012024|09012024|33813.30|16639.18|1996.70|0.00|0.00|0.00|0.00|0.00|0.00|0.00|0|22244466000133|
|C170|1|PROD001|PECA MECANICA TIPO A|23.27|UN|1343.61|6102|40|0.00|12.00|0.00|0.00|0.00|0.00|0.00|0.00|0.00|
|C170|2|PROD003|MATERIAL BRUTO C|37.61|UN|12685.81|6102|40|0.00|12.00|0.00|0.00|0.00|0.00|0.00|0.00|0.00|
|C170|3|PROD007|PARTE SOBRESSALENTE G|8.06|UN|1071.10|6102|60|0.00|12.00|0.00|0.00|0.00|0.00|0.00|0.00|0.00|
|C170|4|PROD006|EMBALAGEM PADRAO F|44.26|UN|412.94|6102|20|373.34|12.00|44.80|0.00|0.00|0.00|0.00|0.00|0.00|
|C170|5|PROD004|PRODUTO ACABADO D|27.09|UN|18299.84|6102|00|16265.84|12.00|1951.90|0.00|0.00|0.00|0.00|0.00|0.00|
|C100|1|0|11223344000166|55|00|000000143|000|01012024|02012024|38378.82|27365.27|3283.83|0.00|0.00|0.00|0.00|0.00|0.00|0.00|0|99900011000155|
|C170|1|PROD003|MATERIAL BRUTO C|18.10|UN|6035.81|5403|40|0.00|12.00|0.00|0.00|0.00|0.00|0.00|0.00|0.00|
|C170|2|PROD004|PRODUTO ACABADO D|30.60|UN|29926.55|5403|00|27365.27|12.00|3283.83|0.00|0.00|0.00|0.00|0.00|0.00|
|C170|3|PROD003|MATERIAL BRUTO C|10.32|UN|2416.46|5403|50|0.00|12.00|0.00|0.00|0.00|0.00|0.00|0.00|0.00|
|C100|1|0|11223344000166|55|00|000000144|000|14012024|16012024|3521.42|2977.76|357.33|0.00|0.00|0.00|0.00|0.00|0.00|0.00|0|77788899000177|
|C170|1|PROD007|PARTE SOBRESSALENTE G|5.81|UN|647.65|5102|00|556.34|12.00|66.76|0.00|0.00|0.00|0.00|0.00|0.00|
|C170|2|PROD002|COMPONENTE ELETRICO B|43.34|UN|2748.74|5102|10|2421.42|12.00|290.57|0.00|0.00|0.00|0.00|0.00|0.00|
|C170|3|PROD001|PECA MECANICA TIPO A|2.02|UN|125.03|5102|41|0.00|12.00|0.00|0.00|0.00|0.00|0.00|0.00|0.00|
|C100|1|0|11223344000166|55|00|000000145|000|30012024|02022024|3524.29|0.00|0.00|0.00|0.00|0.00|0.00|0.00|0.00|0.00|0|99900011000155|
|C170|1|PROD002|COMPONENTE ELETRICO B|20.78|UN|1409.44|5102|70|0.00|12.00|0.00|0.00|0.00|0.00|0.00|0.00|0.00|
|C170|2|PROD001|PECA MECANICA TIPO A|25.36|UN|2114.85|5102|40|0.00|12.00|0.00|0.00|0.00|0.00|0.00|0.00|0.00|
|C100|1|0|11223344000166|55|00|000000146|000|07012024|10012024|29667.05|22429.05|2691.49|0.00|0.00|0.00|0.00|0.00|0.00|0.00|0|99900011000155|
|C170|1|PROD002|COMPONENTE ELETRICO B|13.11|UN|426.63|5403|60|0.00|12.00|0.00|0.00|0.00|0.00|0.00|0.00|0.00|
|C170|2|PROD008|CONJUNTO MONTADO H|25.87|UN|26369.53|5403|00|22429.05|12.00|2691.49|0.00|0.00|0.00|0.00|0.00|0.00|
|C170|3|PROD001|PECA MECANICA TIPO A|11.38|UN|1237.12|5403|40|0.00|12.00|0.00|0.00|0.00|0.00|0.00|0.00|0.00|
|C170|4|PROD001|PECA MECANICA TIPO A|14.06|UN|1633.77|5403|40|0.00|12.00|0.00|0.00|0.00|0.00|0.00|0.00|0.00|
|C100|1|0|11223344000166|55|00|000000147|000|09012024|12012024|11025.71|9867.16|1184.06|0.00|0.00|0.00|0.00|0.00|0.00|0.00|0|22244466000133|
|C170|1|PROD003|MATERIAL BRUTO C|40.62|UN|10171.84|6101|10|9867.16|12.00|1184.06|0.00|0.00|0.00|0.00|0.00|0.00|
|C170|2|PROD005|INSUMO INDUSTRIAL E|37.35|UN|853.87|6101|40|0.00|12.00|0.00|0.00|0.00|0.00|0.00|0.00|0.00|
|C100|1|0|11223344000166|55|00|000000148|000|05012024|08012024|35038.29|0.00|0.00|0.00|0.00|0.00|0.00|0.00|0.00|0.00|0|22244466000133|
|C170|1|PROD008|CONJUNTO MONTADO H|27.39|UN|35038.29|5403|60|0.00|12.00|0.00|0.00|0.00|0.00|0.00|0.00|0.00|
|C100|1|0|11223344000166|55|00|000000149|000|24012024|27012024|147.29|130.03|15.60|0.00|0.00|0.00|0.00|0.00|0.00|0.00|0|22244466000133|
|C170|1|PROD002|COMPONENTE ELETRICO B|4.20|UN|147.29|5101|10|130.03|12.00|15.60|0.00|0.00|0.00|0.00|0.00|0.00|
|C100|1|0|11223344000166|55|00|000000150|000|04012024|07012024|39573.62|31563.12|3787.57|0.00|0.00|0.00|0.00|0.00|0.00|0.00|0|77788899000177|
|C170|1|PROD008|CONJUNTO MONTADO H|24.84|UN|30204.92|6102|00|26943.12|12.00|3233.17|0.00|0.00|0.00|0.00|0.00|0.00|
|C170|2|PROD005|INSUMO INDUSTRIAL E|12.05|UN|253.60|6102|70|0.00|12.00|0.00|0.00|0.00|0.00|0.00|0.00|0.00|
|C170|3|PROD007|PARTE SOBRESSALENTE G|36.84|UN|4088.06|6102|41|0.00|12.00|0.00|0.00|0.00|0.00|0.00|0.00|0.00|
|C170|4|PROD003|MATERIAL BRUTO C|23.36|UN|5027.04|6102|20|4620.00|12.00|554.40|0.00|0.00|0.00|0.00|0.00|0.00|
|C100|1|0|11223344000166|55|00|000000151|000|26012024|28012024|36397.61|6595.98|791.52|0.00|0.00|0.00|0.00|0.00|0.00|0.00|0|77788899000177|
|C170|1|PROD004|PRODUTO ACABADO D|23.82|UN|17976.44|5102|70|0.00|12.00|0.00|0.00|0.00|0.00|0.00|0.00|0.00|
|C170|2|PROD008|CONJUNTO MONTADO H|11.18|UN|9519.24|5102|41|0.00|12.00|0.00|0.00|0.00|0.00|0.00|0.00|0.00|
|C170|3|PROD007|PARTE SOBRESSALENTE G|36.64|UN|4636.55|5102|00|4288.89|12.00|514.67|0.00|0.00|0.00|0.00|0.00|0.00|
|C170|4|PROD002|COMPONENTE ELETRICO B|37.98|UN|2527.46|5102|10|2307.09|12.00|276.85|0.00|0.00|0.00|0.00|0.00|0.00|
|C170|5|PROD001|PECA MECANICA TIPO A|31.48|UN|1737.92|5102|30|0.00|12.00|0.00|0.00|0.00|0.00|0.00|0.00|0.00|
|C100|1|0|11223344000166|55|00|000000152|000|18012024|18012024|8044.20|4747.46|569.70|0.00|0.00|0.00|0.00|0.00|0.00|0.00|0|22244466000133|
|C170|1|PROD002|COMPONENTE ELETRICO B|22.45|UN|1079.00|6102|40|0.00|12.00|0.00|0.00|0.00|0.00|0.00|0.00|0.00|
|C170|2|PROD006|EMBALAGEM PADRAO F|46.51|UN|347.39|6102|40|0.00|12.00|0.00|0.00|0.00|0.00|0.00|0.00|0.00|
|C170|3|PROD007|PARTE SOBRESSALENTE G|40.81|UN|5304.34|6102|00|4747.46|12.00|569.70|0.00|0.00|0.00|0.00|0.00|0.00|
|C170|4|PROD005|INSUMO INDUSTRIAL E|45.09|UN|1313.47|6102|50|0.00|12.00|0.00|0.00|0.00|0.00|0.00|0.00|0.00|
|C100|1|0|11223344000166|55|00|000000153|000|02012024|04012024|43825.08|40065.74|4807.88|0.00|0.00|0.00|0.00|0.00|0.00|0.00|0|55512312300010|
|C170|1|PROD006|EMBALAGEM PADRAO F|12.47|UN|118.84|5403|41|0.00|12.00|0.00|0.00|0.00|0.00|0.00|0.00|0.00|
|C170|2|PROD004|PRODUTO ACABADO D|46.75|UN|37980.07|5403|10|34627.83|12.00|4155.34|0.00|0.00|0.00|0.00|0.00|0.00|
|C170|3|PROD006|EMBALAGEM PADRAO F|8.55|UN|86.58|5403|90|85.87|12.00|10.30|0.00|0.00|0.00|0.00|0.00|0.00|
|C170|4|PROD007|PARTE SOBRESSALENTE G|27.69|UN|3485.24|5403|51|3260.18|12.00|391.22|0.00|0.00|0.00|0.00|0.00|0.00|
|C170|5|PROD002|COMPONENTE ELETRICO B|27.44|UN|2154.35|5403|00|2091.86|12.00|251.02|0.00|0.00|0.00|0.00|0.00|0.00|
|C100|1|0|11223344000166|55|00|000000154|000|24012024|27012024|22217.61|20375.02|2445.00|0.00|0.00|0.00|0.00|0.00|0.00|0.00|0|22244466000133|
|C170|1|PROD002|COMPONENTE ELETRICO B|24.28|UN|1266.69|5403|00|1229.08|12.00|147.49|0.00|0.00|0.00|0.00|0.00|0.00|
|C170|2|PROD004|PRODUTO ACABADO D|18.70|UN|9450.92|5403|00|8825.59|12.00|1059.07|0.00|0.00|0.00|0.00|0.00|0.00|
|C170|3|PROD002|COMPONENTE ELETRICO B|6.60|UN|269.00|5403|30|0.00|12.00|0.00|0.00|0.00|0.00|0.00|0.00|0.00|
|C170|4|PROD003|MATERIAL BRUTO C|39.26|UN|11231.00|5403|00|10320.35|12.00|1238.44|0.00|0.00|0.00|0.00|0.00|0.00|
|C100|1|0|11223344000166|55|00|000000155|000|26012024|27012024|44451.36|14792.91|1775.15|0.00|0.00|0.00|0.00|0.00|0.00|0.00|0|77788899000177|
|C170|1|PROD005|INSUMO INDUSTRIAL E|29.45|UN|841.53|5101|40|0.00|12.00|0.00|0.00|0.00|0.00|0.00|0.00|0.00|
|C170|2|PROD008|CONJUNTO MONTADO H|34.35|UN|27014.50|5101|30|0.00|12.00|0.00|0.00|0.00|0.00|0.00|0.00|0.00|
|C170|3|PROD004|PRODUTO ACABADO D|19.31|UN|16200.70|5101|20|14404.78|12.00|1728.57|0.00|0.00|0.00|0.00|0.00|0.00|
|C170|4|PROD006|EMBALAGEM PADRAO F|44.49|UN|394.63|5101|00|388.13|12.00|46.58|0.00|0.00|0.00|0.00|0.00|0.00|
|C100|1|0|11223344000166|55|00|000000156|000|01012024|02012024|4707.50|0.00|0.00|0.00|0.00|0.00|0.00|0.00|0.00|0.00|0|99900011000155|
|C170|1|PROD006|EMBALAGEM PADRAO F|20.01|UN|111.65|5102|40|0.00|12.00|0.00|0.00|0.00|0.00|0.00|0.00|0.00|
|C170|2|PROD003|MATERIAL BRUTO C|16.96|UN|4595.85|5102|50|0.00|12.00|0.00|0.00|0.00|0.00|0.00|0.00|0.00|
|C100|1|0|11223344000166|55|00|000000157|000|14012024|17012024|9874.62|7238.32|868.60|0.00|0.00|0.00|0.00|0.00|0.00|0.00|0|99900011000155|
|C170|1|PROD007|PARTE SOBRESSALENTE G|25.40|UN|2138.34|5403|60|0.00|12.00|0.00|0.00|0.00|0.00|0.00|0.00|0.00|
|C170|2|PROD003|MATERIAL BRUTO C|27.68|UN|7736.28|5403|00|7238.32|12.00|868.60|0.00|0.00|0.00|0.00|0.00|0.00|
|C100|1|0|11223344000166|55|00|000000158|000|22012024|24012024|66685.44|2487.36|298.48|0.00|0.00|0.00|0.00|0.00|0.00|0.00|0|77788899000177|
|C170|1|PROD005|INSUMO INDUSTRIAL E|20.86|UN|456.33|5101|40|0.00|12.00|0.00|0.00|0.00|0.00|0.00|0.00|0.00|
|C170|2|PROD001|PECA MECANICA TIPO A|22.94|UN|2713.58|5101|00|2487.36|12.00|298.48|0.00|0.00|0.00|0.00|0.00|0.00|
|C170|3|PROD007|PARTE SOBRESSALENTE G|42.07|UN|5276.71|5101|70|0.00|12.00|0.00|0.00|0.00|0.00|0.00|0.00|0.00|
|C170|4|PROD008|CONJUNTO MONTADO H|47.61|UN|55956.54|5101|40|0.00|12.00|0.00|0.00|0.00|0.00|0.00|0.00|0.00|
|C170|5|PROD001|PECA MECANICA TIPO A|44.05|UN|2282.28|5101|50|0.00|12.00|0.00|0.00|0.00|0.00|0.00|0.00|0.00|
|C100|1|0|11223344000166|55|00|000000159|000|10012024|13012024|764.48|728.68|87.44|0.00|0.00|0.00|0.00|0.00|0.00|0.00|0|33366699000100|
|C170|1|PROD007|PARTE SOBRESSALENTE G|7.54|UN|764.48|5102|51|728.68|12.00|87.44|0.00|0.00|0.00|0.00|0.00|0.00|
|C100|1|0|11223344000166|55|00|000000160|000|19012024|22012024|106655.89|103386.97|12406.44|0.00|0.00|0.00|0.00|0.00|0.00|0.00|0|77788899000177|
|C170|1|PROD007|PARTE SOBRESSALENTE G|35.38|UN|3990.27|5403|00|3530.77|12.00|423.69|0.00|0.00|0.00|0.00|0.00|0.00|
|C170|2|PROD008|CONJUNTO MONTADO H|36.03|UN|43531.42|5403|00|43039.42|12.00|5164.73|0.00|0.00|0.00|0.00|0.00|0.00|
|C170|3|PROD001|PECA MECANICA TIPO A|45.96|UN|4129.32|5403|20|3747.21|12.00|449.67|0.00|0.00|0.00|0.00|0.00|0.00|
|C170|4|PROD005|INSUMO INDUSTRIAL E|33.76|UN|553.99|5403|00|472.96|12.00|56.76|0.00|0.00|0.00|0.00|0.00|0.00|
|C170|5|PROD008|CONJUNTO MONTADO H|46.06|UN|54450.89|5403|20|52596.61|12.00|6311.59|0.00|0.00|0.00|0.00|0.00|0.00|
|C100|1|0|11223344000166|55|00|000000161|000|17012024|18012024|1805.21|1670.70|200.48|0.00|0.00|0.00|0.00|0.00|0.00|0.00|0|77788899000177|
|C170|1|PROD003|MATERIAL BRUTO C|2.45|UN|604.47|5102|00|537.37|12.00|64.48|0.00|0.00|0.00|0.00|0.00|0.00|
|C170|2|PROD002|COMPONENTE ELETRICO B|17.47|UN|1200.74|5102|00|1133.33|12.00|136.00|0.00|0.00|0.00|0.00|0.00|0.00|
|C100|1|0|11223344000166|55|00|000000162|000|24012024|24012024|12637.81|2833.19|339.98|0.00|0.00|0.00|0.00|0.00|0.00|0.00|0|77788899000177|
|C170|1|PROD003|MATERIAL BRUTO C|29.27|UN|6319.96|5102|60|0.00|12.00|0.00|0.00|0.00|0.00|0.00|0.00|0.00|
|C170|2|PROD007|PARTE SOBRESSALENTE G|28.89|UN|3242.04|5102|00|2833.19|12.00|339.98|0.00|0.00|0.00|0.00|0.00|0.00|
|C170|3|PROD007|PARTE SOBRESSALENTE G|35.03|UN|3075.81|5102|41|0.00|12.00|0.00|0.00|0.00|0.00|0.00|0.00|0.00|
|C100|1|0|11223344000166|55|00|000000163|000|14012024|15012024|38261.98|4221.93|506.63|0.00|0.00|0.00|0.00|0.00|0.00|0.00|0|33366699000100|
|C170|1|PROD007|PARTE SOBRESSALENTE G|30.37|UN|4555.95|5403|20|4221.93|12.00|506.63|0.00|0.00|0.00|0.00|0.00|0.00|
|C170|2|PROD008|CONJUNTO MONTADO H|31.18|UN|32348.73|5403|40|0.00|12.00|0.00|0.00|0.00|0.00|0.00|0.00|0.00|
|C170|3|PROD001|PECA MECANICA TIPO A|25.06|UN|1357.30|5403|40|0.00|12.00|0.00|0.00|0.00|0.00|0.00|0.00|0.00|
|C100|1|0|11223344000166|55|00|000000164|000|23012024|23012024|47395.72|0.00|0.00|0.00|0.00|0.00|0.00|0.00|0.00|0.00|0|77788899000177|
|C170|1|PROD007|PARTE SOBRESSALENTE G|15.67|UN|2271.35|5401|30|0.00|12.00|0.00|0.00|0.00|0.00|0.00|0.00|0.00|
|C170|2|PROD004|PRODUTO ACABADO D|47.41|UN|45124.37|5401|40|0.00|12.00|0.00|0.00|0.00|0.00|0.00|0.00|0.00|
|C100|1|0|11223344000166|55|00|000000165|000|15012024|15012024|5176.80|1123.84|134.86|0.00|0.00|0.00|0.00|0.00|0.00|0.00|0|33366699000100|
|C170|1|PROD007|PARTE SOBRESSALENTE G|28.05|UN|2532.45|6101|41|0.00|12.00|0.00|0.00|0.00|0.00|0.00|0.00|0.00|
|C170|2|PROD001|PECA MECANICA TIPO A|24.15|UN|1308.58|6101|10|1123.84|12.00|134.86|0.00|0.00|0.00|0.00|0.00|0.00|
|C170|3|PROD005|INSUMO INDUSTRIAL E|5.71|UN|101.79|6101|40|0.00|12.00|0.00|0.00|0.00|0.00|0.00|0.00|0.00|
|C170|4|PROD006|EMBALAGEM PADRAO F|13.44|UN|118.01|6101|40|0.00|12.00|0.00|0.00|0.00|0.00|0.00|0.00|0.00|
|C170|5|PROD005|INSUMO INDUSTRIAL E|43.95|UN|1115.97|6101|30|0.00|12.00|0.00|0.00|0.00|0.00|0.00|0.00|0.00|
|C100|1|0|11223344000166|55|00|000000166|000|15012024|17012024|387.67|378.79|45.45|0.00|0.00|0.00|0.00|0.00|0.00|0.00|0|99900011000155|
|C170|1|PROD002|COMPONENTE ELETRICO B|5.92|UN|387.67|6101|20|378.79|12.00|45.45|0.00|0.00|0.00|0.00|0.00|0.00|
|C100|1|0|11223344000166|55|00|000000167|000|26012024|26012024|20303.11|1074.85|128.98|0.00|0.00|0.00|0.00|0.00|0.00|0.00|0|99900011000155|
|C170|1|PROD008|CONJUNTO MONTADO H|25.48|UN|19188.23|5401|40|0.00|12.00|0.00|0.00|0.00|0.00|0.00|0.00|0.00|
|C170|2|PROD005|INSUMO INDUSTRIAL E|35.03|UN|1114.88|5401|00|1074.85|12.00|128.98|0.00|0.00|0.00|0.00|0.00|0.00|
|C100|1|0|11223344000166|55|00|000000168|000|27012024|30012024|2076.39|0.00|0.00|0.00|0.00|0.00|0.00|0.00|0.00|0.00|0|77788899000177|
|C170|1|PROD002|COMPONENTE ELETRICO B|37.45|UN|2076.39|6102|41|0.00|12.00|0.00|0.00|0.00|0.00|0.00|0.00|0.00|
|C100|1|0|11223344000166|55|00|000000169|000|07012024|08012024|1167.75|0.00|0.00|0.00|0.00|0.00|0.00|0.00|0.00|0.00|0|22244466000133|
|C170|1|PROD007|PARTE SOBRESSALENTE G|13.39|UN|1167.75|6101|40|0.00|12.00|0.00|0.00|0.00|0.00|0.00|0.00|0.00|
|C100|1|0|11223344000166|55|00|000000170|000|06012024|09012024|15548.27|13669.65|1640.36|0.00|0.00|0.00|0.00|0.00|0.00|0.00|0|77788899000177|
|C170|1|PROD008|CONJUNTO MONTADO H|7.53|UN|6354.52|6102|00|5414.72|12.00|649.77|0.00|0.00|0.00|0.00|0.00|0.00|
|C170|2|PROD006|EMBALAGEM PADRAO F|44.79|UN|442.52|6102|40|0.00|12.00|0.00|0.00|0.00|0.00|0.00|0.00|0.00|
|C170|3|PROD001|PECA MECANICA TIPO A|48.96|UN|3696.63|6102|10|3528.24|12.00|423.39|0.00|0.00|0.00|0.00|0.00|0.00|
|C170|4|PROD001|PECA MECANICA TIPO A|35.01|UN|4051.35|6102|00|3738.90|12.00|448.67|0.00|0.00|0.00|0.00|0.00|0.00|
|C170|5|PROD003|MATERIAL BRUTO C|4.28|UN|1003.25|6102|51|987.79|12.00|118.53|0.00|0.00|0.00|0.00|0.00|0.00|
|C100|1|0|11223344000166|55|00|000000171|000|29012024|31012024|47686.00|42374.35|5084.92|0.00|0.00|0.00|0.00|0.00|0.00|0.00|0|55512312300010|
|C170|1|PROD004|PRODUTO ACABADO D|11.75|UN|9835.50|5403|00|9286.78|12.00|1114.41|0.00|0.00|0.00|0.00|0.00|0.00|
|C170|2|PROD003|MATERIAL BRUTO C|6.34|UN|2107.68|5403|00|2085.30|12.00|250.24|0.00|0.00|0.00|0.00|0.00|0.00|
|C170|3|PROD008|CONJUNTO MONTADO H|43.36|UN|35742.82|5403|00|31002.27|12.00|3720.27|0.00|0.00|0.00|0.00|0.00|0.00|
|C100|1|0|11223344000166|55|00|000000172|000|15012024|16012024|49146.24|35979.86|4317.59|0.00|0.00|0.00|0.00|0.00|0.00|0.00|0|99900011000155|
|C170|1|PROD007|PARTE SOBRESSALENTE G|3.38|UN|358.64|5401|40|0.00|12.00|0.00|0.00|0.00|0.00|0.00|0.00|0.00|
|C170|2|PROD006|EMBALAGEM PADRAO F|35.68|UN|188.04|5401|10|170.65|12.00|20.48|0.00|0.00|0.00|0.00|0.00|0.00|
|C170|3|PROD008|CONJUNTO MONTADO H|49.30|UN|38779.49|5401|20|35809.21|12.00|4297.11|0.00|0.00|0.00|0.00|0.00|0.00|
|C170|4|PROD004|PRODUTO ACABADO D|14.28|UN|9820.07|5401|50|0.00|12.00|0.00|0.00|0.00|0.00|0.00|0.00|0.00|
|C100|1|0|11223344000166|55|00|000000173|000|26012024|28012024|1988.28|0.00|0.00|0.00|0.00|0.00|0.00|0.00|0.00|0.00|0|22244466000133|
|C170|1|PROD002|COMPONENTE ELETRICO B|38.90|UN|1988.28|5401|40|0.00|12.00|0.00|0.00|0.00|0.00|0.00|0.00|0.00|
|C100|1|0|11223344000166|55|00|000000174|000|30012024|30012024|32185.23|0.00|0.00|0.00|0.00|0.00|0.00|0.00|0.00|0.00|0|55512312300010|
|C170|1|PROD008|CONJUNTO MONTADO H|28.02|UN|32185.23|5401|40|0.00|12.00|0.00|0.00|0.00|0.00|0.00|0.00|0.00|
|C100|1|0|11223344000166|55|00|000000175|000|20012024|21012024|19074.52|13773.70|1652.85|0.00|0.00|0.00|0.00|0.00|0.00|0.00|0|77788899000177|
|C170|1|PROD002|COMPONENTE ELETRICO B|33.71|UN|2472.51|5101|00|2342.07|12.00|281.05|0.00|0.00|0.00|0.00|0.00|0.00|
|C170|2|PROD001|PECA MECANICA TIPO A|26.20|UN|3092.01|5101|20|2915.50|12.00|349.86|0.00|0.00|0.00|0.00|0.00|0.00|
|C170|3|PROD002|COMPONENTE ELETRICO B|10.50|UN|551.83|5101|30|0.00|12.00|0.00|0.00|0.00|0.00|0.00|0.00|0.00|
|C170|4|PROD008|CONJUNTO MONTADO H|10.20|UN|9098.22|5101|00|8516.13|12.00|1021.94|0.00|0.00|0.00|0.00|0.00|0.00|
|C170|5|PROD001|PECA MECANICA TIPO A|41.49|UN|3859.95|5101|40|0.00|12.00|0.00|0.00|0.00|0.00|0.00|0.00|0.00|
|C100|1|0|11223344000166|55|00|000000176|000|18012024|20012024|47684.30|3649.17|437.90|0.00|0.00|0.00|0.00|0.00|0.00|0.00|0|77788899000177|
|C170|1|PROD004|PRODUTO ACABADO D|32.62|UN|18729.52|5401|30|0.00|12.00|0.00|0.00|0.00|0.00|0.00|0.00|0.00|
|C170|2|PROD005|INSUMO INDUSTRIAL E|10.61|UN|368.31|5401|00|364.24|12.00|43.71|0.00|0.00|0.00|0.00|0.00|0.00|
|C170|3|PROD002|COMPONENTE ELETRICO B|40.94|UN|2980.72|5401|10|2708.89|12.00|325.07|0.00|0.00|0.00|0.00|0.00|0.00|
|C170|4|PROD004|PRODUTO ACABADO D|45.83|UN|25015.50|5401|30|0.00|12.00|0.00|0.00|0.00|0.00|0.00|0.00|0.00|
|C170|5|PROD007|PARTE SOBRESSALENTE G|3.71|UN|590.25|5401|20|576.04|12.00|69.12|0.00|0.00|0.00|0.00|0.00|0.00|
|C100|1|0|11223344000166|55|00|000000177|000|30012024|01022024|3224.16|2778.78|333.45|0.00|0.00|0.00|0.00|0.00|0.00|0.00|0|33366699000100|
|C170|1|PROD001|PECA MECANICA TIPO A|35.13|UN|3224.16|5102|10|2778.78|12.00|333.45|0.00|0.00|0.00|0.00|0.00|0.00|
|C100|1|0|11223344000166|55|00|000000178|000|11012024|14012024|4131.48|3514.37|421.72|0.00|0.00|0.00|0.00|0.00|0.00|0.00|0|55512312300010|
|C170|1|PROD006|EMBALAGEM PADRAO F|11.34|UN|62.47|5403|90|60.87|12.00|7.30|0.00|0.00|0.00|0.00|0.00|0.00|
|C170|2|PROD006|EMBALAGEM PADRAO F|30.77|UN|289.86|5403|40|0.00|12.00|0.00|0.00|0.00|0.00|0.00|0.00|0.00|
|C170|3|PROD005|INSUMO INDUSTRIAL E|26.46|UN|403.05|5403|00|355.44|12.00|42.65|0.00|0.00|0.00|0.00|0.00|0.00|
|C170|4|PROD007|PARTE SOBRESSALENTE G|31.86|UN|3376.10|5403|00|3098.06|12.00|371.77|0.00|0.00|0.00|0.00|0.00|0.00|
|C100|1|0|11223344000166|55|00|000000179|000|11012024|13012024|17621.49|10973.59|1316.83|0.00|0.00|0.00|0.00|0.00|0.00|0.00|0|22244466000133|
|C170|1|PROD001|PECA MECANICA TIPO A|27.50|UN|3079.28|5401|40|0.00|12.00|0.00|0.00|0.00|0.00|0.00|0.00|0.00|
|C170|2|PROD005|INSUMO INDUSTRIAL E|42.93|UN|1745.70|5401|70|0.00|12.00|0.00|0.00|0.00|0.00|0.00|0.00|0.00|
|C170|3|PROD003|MATERIAL BRUTO C|38.91|UN|12796.51|5401|10|10973.59|12.00|1316.83|0.00|0.00|0.00|0.00|0.00|0.00|
|C100|1|0|11223344000166|55|00|000000180|000|19012024|22012024|5485.28|2671.20|320.54|0.00|0.00|0.00|0.00|0.00|0.00|0.00|0|77788899000177|
|C170|1|PROD005|INSUMO INDUSTRIAL E|43.45|UN|1008.89|6101|00|857.72|12.00|102.93|0.00|0.00|0.00|0.00|0.00|0.00|
|C170|2|PROD005|INSUMO INDUSTRIAL E|2.90|UN|105.24|6101|40|0.00|12.00|0.00|0.00|0.00|0.00|0.00|0.00|0.00|
|C170|3|PROD005|INSUMO INDUSTRIAL E|46.62|UN|1418.27|6101|10|1270.94|12.00|152.51|0.00|0.00|0.00|0.00|0.00|0.00|
|C170|4|PROD005|INSUMO INDUSTRIAL E|17.92|UN|580.35|6101|00|542.54|12.00|65.10|0.00|0.00|0.00|0.00|0.00|0.00|
|C170|5|PROD007|PARTE SOBRESSALENTE G|29.12|UN|2372.53|6101|60|0.00|12.00|0.00|0.00|0.00|0.00|0.00|0.00|0.00|
|C100|1|0|11223344000166|55|00|000000181|000|15012024|18012024|1738.90|1483.28|177.99|0.00|0.00|0.00|0.00|0.00|0.00|0.00|0|22244466000133|
|C170|1|PROD005|INSUMO INDUSTRIAL E|44.90|UN|1738.90|5102|10|1483.28|12.00|177.99|0.00|0.00|0.00|0.00|0.00|0.00|
|C100|1|0|11223344000166|55|00|000000182|000|08012024|09012024|25034.95|2374.00|284.88|0.00|0.00|0.00|0.00|0.00|0.00|0.00|0|99900011000155|
|C170|1|PROD007|PARTE SOBRESSALENTE G|25.17|UN|2288.60|5102|00|2050.90|12.00|246.11|0.00|0.00|0.00|0.00|0.00|0.00|
|C170|2|PROD004|PRODUTO ACABADO D|35.56|UN|20240.89|5102|50|0.00|12.00|0.00|0.00|0.00|0.00|0.00|0.00|0.00|
|C170|3|PROD001|PECA MECANICA TIPO A|23.00|UN|2167.28|5102|41|0.00|12.00|0.00|0.00|0.00|0.00|0.00|0.00|0.00|
|C170|4|PROD002|COMPONENTE ELETRICO B|8.03|UN|338.18|5102|00|323.10|12.00|38.77|0.00|0.00|0.00|0.00|0.00|0.00|
|C100|1|0|11223344000166|55|00|000000183|000|25012024|27012024|1100.23|957.83|114.94|0.00|0.00|0.00|0.00|0.00|0.00|0.00|0|99900011000155|
|C170|1|PROD003|MATERIAL BRUTO C|4.87|UN|1100.23|6102|00|957.83|12.00|114.94|0.00|0.00|0.00|0.00|0.00|0.00|
|C100|1|0|11223344000166|55|00|000000184|000|22012024|22012024|11090.65|5962.20|715.46|0.00|0.00|0.00|0.00|0.00|0.00|0.00|0|77788899000177|
|C170|1|PROD003|MATERIAL BRUTO C|26.20|UN|6617.34|5101|00|5921.19|12.00|710.54|0.00|0.00|0.00|0.00|0.00|0.00|
|C170|2|PROD003|MATERIAL BRUTO C|20.97|UN|4425.09|5101|40|0.00|12.00|0.00|0.00|0.00|0.00|0.00|0.00|0.00|
|C170|3|PROD006|EMBALAGEM PADRAO F|4.46|UN|48.22|5101|00|41.01|12.00|4.92|0.00|0.00|0.00|0.00|0.00|0.00|
|C100|1|0|11223344000166|55|00|000000185|000|08012024|11012024|28362.82|20040.11|2404.81|0.00|0.00|0.00|0.00|0.00|0.00|0.00|0|55512312300010|
|C170|1|PROD007|PARTE SOBRESSALENTE G|47.06|UN|6421.41|5403|40|0.00|12.00|0.00|0.00|0.00|0.00|0.00|0.00|0.00|
|C170|2|PROD004|PRODUTO ACABADO D|39.64|UN|20019.72|5403|00|18498.47|12.00|2219.82|0.00|0.00|0.00|0.00|0.00|0.00|
|C170|3|PROD001|PECA MECANICA TIPO A|3.79|UN|200.25|5403|40|0.00|12.00|0.00|0.00|0.00|0.00|0.00|0.00|0.00|
|C170|4|PROD005|INSUMO INDUSTRIAL E|47.10|UN|1709.19|5403|00|1530.60|12.00|183.67|0.00|0.00|0.00|0.00|0.00|0.00|
|C170|5|PROD006|EMBALAGEM PADRAO F|2.00|UN|12.25|5403|20|11.04|12.00|1.32|0.00|0.00|0.00|0.00|0.00|0.00|
|C100|1|0|11223344000166|55|00|000000186|000|31012024|01022024|9369.36|7226.02|867.13|0.00|0.00|0.00|0.00|0.00|0.00|0.00|0|22244466000133|
|C170|1|PROD002|COMPONENTE ELETRICO B|41.38|UN|1434.37|6102|40|0.00|12.00|0.00|0.00|0.00|0.00|0.00|0.00|0.00|
|C170|2|PROD001|PECA MECANICA TIPO A|13.31|UN|742.81|6102|00|740.22|12.00|88.83|0.00|0.00|0.00|0.00|0.00|0.00|
|C170|3|PROD003|MATERIAL BRUTO C|27.27|UN|7192.18|6102|20|6485.80|12.00|778.30|0.00|0.00|0.00|0.00|0.00|0.00|
|C100|1|0|11223344000166|55|00|000000187|000|13012024|14012024|27049.72|26457.88|3174.95|0.00|0.00|0.00|0.00|0.00|0.00|0.00|0|33366699000100|
|C170|1|PROD002|COMPONENTE ELETRICO B|2.70|UN|123.09|5403|40|0.00|12.00|0.00|0.00|0.00|0.00|0.00|0.00|0.00|
|C170|2|PROD008|CONJUNTO MONTADO H|20.92|UN|26926.63|5403|00|26457.88|12.00|3174.95|0.00|0.00|0.00|0.00|0.00|0.00|
|C100|1|0|11223344000166|55|00|000000188|000|22012024|22012024|101443.11|57304.42|6876.53|0.00|0.00|0.00|0.00|0.00|0.00|0.00|0|99900011000155|
|C170|1|PROD004|PRODUTO ACABADO D|46.47|UN|33713.17|6102|90|32620.98|12.00|3914.52|0.00|0.00|0.00|0.00|0.00|0.00|
|C170|2|PROD008|CONJUNTO MONTADO H|35.57|UN|36758.11|6102|50|0.00|12.00|0.00|0.00|0.00|0.00|0.00|0.00|0.00|
|C170|3|PROD001|PECA MECANICA TIPO A|44.61|UN|2634.67|6102|41|0.00|12.00|0.00|0.00|0.00|0.00|0.00|0.00|0.00|
|C170|4|PROD007|PARTE SOBRESSALENTE G|23.62|UN|3363.63|6102|00|3348.00|12.00|401.76|0.00|0.00|0.00|0.00|0.00|0.00|
|C170|5|PROD004|PRODUTO ACABADO D|39.36|UN|24973.53|6102|10|21335.44|12.00|2560.25|0.00|0.00|0.00|0.00|0.00|0.00|
|C100|1|0|11223344000166|55|00|000000189|000|24012024|25012024|4795.09|4531.30|543.76|0.00|0.00|0.00|0.00|0.00|0.00|0.00|0|99900011000155|
|C170|1|PROD007|PARTE SOBRESSALENTE G|31.59|UN|4635.08|5102|20|4375.58|12.00|525.07|0.00|0.00|0.00|0.00|0.00|0.00|
|C170|2|PROD006|EMBALAGEM PADRAO F|15.95|UN|160.01|5102|20|155.72|12.00|18.69|0.00|0.00|0.00|0.00|0.00|0.00|
|C100|1|0|11223344000166|55|00|000000190|000|31012024|01022024|10282.52|9300.25|1116.04|0.00|0.00|0.00|0.00|0.00|0.00|0.00|0|77788899000177|
|C170|1|PROD002|COMPONENTE ELETRICO B|30.62|UN|2011.91|5102|00|1751.84|12.00|210.22|0.00|0.00|0.00|0.00|0.00|0.00|
|C170|2|PROD007|PARTE SOBRESSALENTE G|47.46|UN|7314.69|5102|00|6659.55|12.00|799.15|0.00|0.00|0.00|0.00|0.00|0.00|
|C170|3|PROD005|INSUMO INDUSTRIAL E|31.10|UN|708.84|5102|00|644.64|12.00|77.36|0.00|0.00|0.00|0.00|0.00|0.00|
|C170|4|PROD006|EMBALAGEM PADRAO F|40.84|UN|247.08|5102|20|244.22|12.00|29.31|0.00|0.00|0.00|0.00|0.00|0.00|
|C100|1|0|11223344000166|55|00|000000191|000|30012024|01022024|6102.37|4279.16|513.50|0.00|0.00|0.00|0.00|0.00|0.00|0.00|0|55512312300010|
|C170|1|PROD005|INSUMO INDUSTRIAL E|42.94|UN|1142.31|6102|40|0.00|12.00|0.00|0.00|0.00|0.00|0.00|0.00|0.00|
|C170|2|PROD006|EMBALAGEM PADRAO F|10.79|UN|126.94|6102|40|0.00|12.00|0.00|0.00|0.00|0.00|0.00|0.00|0.00|
|C170|3|PROD002|COMPONENTE ELETRICO B|26.59|UN|1897.75|6102|00|1709.58|12.00|205.15|0.00|0.00|0.00|0.00|0.00|0.00|
|C170|4|PROD001|PECA MECANICA TIPO A|46.61|UN|2935.37|6102|51|2569.58|12.00|308.35|0.00|0.00|0.00|0.00|0.00|0.00|
|C100|1|0|11223344000166|55|00|000000192|000|15012024|17012024|2493.66|1010.44|121.26|0.00|0.00|0.00|0.00|0.00|0.00|0.00|0|99900011000155|
|C170|1|PROD001|PECA MECANICA TIPO A|6.32|UN|380.72|5403|40|0.00|12.00|0.00|0.00|0.00|0.00|0.00|0.00|0.00|
|C170|2|PROD006|EMBALAGEM PADRAO F|16.44|UN|99.96|5403|00|90.89|12.00|10.91|0.00|0.00|0.00|0.00|0.00|0.00|
|C170|3|PROD001|PECA MECANICA TIPO A|13.56|UN|959.99|5403|00|919.55|12.00|110.35|0.00|0.00|0.00|0.00|0.00|0.00|
|C170|4|PROD002|COMPONENTE ELETRICO B|22.50|UN|1052.99|5403|60|0.00|12.00|0.00|0.00|0.00|0.00|0.00|0.00|0.00|
|C100|1|0|11223344000166|55|00|000000193|000|23012024|23012024|5081.67|3258.47|391.02|0.00|0.00|0.00|0.00|0.00|0.00|0.00|0|22244466000133|
|C170|1|PROD001|PECA MECANICA TIPO A|35.45|UN|3650.60|5401|00|3258.47|12.00|391.02|0.00|0.00|0.00|0.00|0.00|0.00|
|C170|2|PROD002|COMPONENTE ELETRICO B|19.44|UN|1431.07|5401|40|0.00|12.00|0.00|0.00|0.00|0.00|0.00|0.00|0.00|
|C100|1|0|11223344000166|55|00|000000194|000|16012024|19012024|21930.97|20951.18|2514.14|0.00|0.00|0.00|0.00|0.00|0.00|0.00|0|77788899000177|
|C170|1|PROD008|CONJUNTO MONTADO H|13.59|UN|14104.79|6102|10|13452.75|12.00|1614.33|0.00|0.00|0.00|0.00|0.00|0.00|
|C170|2|PROD002|COMPONENTE ELETRICO B|9.63|UN|574.36|6102|20|523.72|12.00|62.85|0.00|0.00|0.00|0.00|0.00|0.00|
|C170|3|PROD007|PARTE SOBRESSALENTE G|46.05|UN|6575.51|6102|00|6315.19|12.00|757.82|0.00|0.00|0.00|0.00|0.00|0.00|
|C170|4|PROD002|COMPONENTE ELETRICO B|8.09|UN|676.31|6102|00|659.52|12.00|79.14|0.00|0.00|0.00|0.00|0.00|0.00|
|C100|1|0|11223344000166|55|00|000000195|000|20012024|23012024|7086.60|5900.33|708.03|0.00|0.00|0.00|0.00|0.00|0.00|0.00|0|99900011000155|
|C170|1|PROD005|INSUMO INDUSTRIAL E|29.56|UN|996.43|5403|00|952.61|12.00|114.31|0.00|0.00|0.00|0.00|0.00|0.00|
|C170|2|PROD007|PARTE SOBRESSALENTE G|6.97|UN|1029.37|5403|10|1023.77|12.00|122.85|0.00|0.00|0.00|0.00|0.00|0.00|
|C170|3|PROD006|EMBALAGEM PADRAO F|36.44|UN|257.29|5403|00|235.11|12.00|28.21|0.00|0.00|0.00|0.00|0.00|0.00|
|C170|4|PROD007|PARTE SOBRESSALENTE G|41.83|UN|3974.27|5403|10|3688.84|12.00|442.66|0.00|0.00|0.00|0.00|0.00|0.00|
|C170|5|PROD005|INSUMO INDUSTRIAL E|20.25|UN|829.24|5403|30|0.00|12.00|0.00|0.00|0.00|0.00|0.00|0.00|0.00|
|C100|1|0|11223344000166|55|00|000000196|000|13012024|14012024|79550.98|868.70|104.24|0.00|0.00|0.00|0.00|0.00|0.00|0.00|0|55512312300010|
|C170|1|PROD001|PECA MECANICA TIPO A|10.52|UN|1155.61|5401|40|0.00|12.00|0.00|0.00|0.00|0.00|0.00|0.00|0.00|
|C170|2|PROD008|CONJUNTO MONTADO H|39.35|UN|47907.52|5401|60|0.00|12.00|0.00|0.00|0.00|0.00|0.00|0.00|0.00|
|C170|3|PROD003|MATERIAL BRUTO C|4.41|UN|1002.39|5401|10|868.70|12.00|104.24|0.00|0.00|0.00|0.00|0.00|0.00|
|C170|4|PROD004|PRODUTO ACABADO D|39.78|UN|29485.46|5401|40|0.00|12.00|0.00|0.00|0.00|0.00|0.00|0.00|0.00|
|C100|1|0|11223344000166|55|00|000000197|000|14012024|16012024|60916.23|18013.30|2161.60|0.00|0.00|0.00|0.00|0.00|0.00|0.00|0|99900011000155|
|C170|1|PROD001|PECA MECANICA TIPO A|46.05|UN|5155.19|5403|00|4567.03|12.00|548.04|0.00|0.00|0.00|0.00|0.00|0.00|
|C170|2|PROD004|PRODUTO ACABADO D|19.63|UN|14449.84|5403|00|13086.88|12.00|1570.43|0.00|0.00|0.00|0.00|0.00|0.00|
|C170|3|PROD005|INSUMO INDUSTRIAL E|12.96|UN|390.29|5403|00|359.39|12.00|43.13|0.00|0.00|0.00|0.00|0.00|0.00|
|C170|4|PROD008|CONJUNTO MONTADO H|30.05|UN|40920.91|5403|40|0.00|12.00|0.00|0.00|0.00|0.00|0.00|0.00|0.00|
|C100|1|0|11223344000166|55|00|000000198|000|11012024|13012024|4367.17|1640.50|196.86|0.00|0.00|0.00|0.00|0.00|0.00|0.00|0|77788899000177|
|C170|1|PROD006|EMBALAGEM PADRAO F|1.94|UN|14.57|5102|41|0.00|12.00|0.00|0.00|0.00|0.00|0.00|0.00|0.00|
|C170|2|PROD001|PECA MECANICA TIPO A|40.80|UN|2665.79|5102|40|0.00|12.00|0.00|0.00|0.00|0.00|0.00|0.00|0.00|
|C170|3|PROD005|INSUMO INDUSTRIAL E|42.11|UN|1686.81|5102|00|1640.50|12.00|196.86|0.00|0.00|0.00|0.00|0.00|0.00|
|C100|1|0|11223344000166|55|00|000000199|000|11012024|11012024|9718.38|20.32|2.44|0.00|0.00|0.00|0.00|0.00|0.00|0.00|0|55512312300010|
|C170|1|PROD007|PARTE SOBRESSALENTE G|47.48|UN|6581.34|5101|40|0.00|12.00|0.00|0.00|0.00|0.00|0.00|0.00|0.00|
|C170|2|PROD007|PARTE SOBRESSALENTE G|38.44|UN|3114.19|5101|40|0.00|12.00|0.00|0.00|0.00|0.00|0.00|0.00|0.00|
|C170|3|PROD006|EMBALAGEM PADRAO F|3.17|UN|22.85|5101|00|20.32|12.00|2.44|0.00|0.00|0.00|0.00|0.00|0.00|
|C100|1|0|11223344000166|55|00|000000200|000|21012024|21012024|29877.26|25011.37|3001.36|0.00|0.00|0.00|0.00|0.00|0.00|0.00|0|99900011000155|
|C170|1|PROD006|EMBALAGEM PADRAO F|9.26|UN|53.24|5401|30|0.00|12.00|0.00|0.00|0.00|0.00|0.00|0.00|0.00|
|C170|2|PROD002|COMPONENTE ELETRICO B|20.13|UN|1679.18|5401|50|0.00|12.00|0.00|0.00|0.00|0.00|0.00|0.00|0.00|
|C170|3|PROD002|COMPONENTE ELETRICO B|8.88|UN|529.30|5401|40|0.00|12.00|0.00|0.00|0.00|0.00|0.00|0.00|0.00|
|C170|4|PROD003|MATERIAL BRUTO C|35.33|UN|9845.63|5401|51|8748.79|12.00|1049.85|0.00|0.00|0.00|0.00|0.00|0.00|
|C170|5|PROD004|PRODUTO ACABADO D|25.79|UN|17769.91|5401|10|16262.58|12.00|1951.51|0.00|0.00|0.00|0.00|0.00|0.00|
|C100|1|0|11223344000166|55|00|000000201|000|22012024|22012024|79108.98|72411.00|8689.32|0.00|0.00|0.00|0.00|0.00|0.00|0.00|0|99900011000155|
|C170|1|PROD005|INSUMO INDUSTRIAL E|49.57|UN|1648.10|6102|40|0.00|12.00|0.00|0.00|0.00|0.00|0.00|0.00|0.00|
|C170|2|PROD008|CONJUNTO MONTADO H|10.21|UN|9894.81|6102|00|9569.83|12.00|1148.38|0.00|0.00|0.00|0.00|0.00|0.00|
|C170|3|PROD008|CONJUNTO MONTADO H|16.48|UN|17970.88|6102|00|16293.80|12.00|1955.26|0.00|0.00|0.00|0.00|0.00|0.00|
|C170|4|PROD008|CONJUNTO MONTADO H|38.33|UN|49595.19|6102|10|46547.37|12.00|5585.68|0.00|0.00|0.00|0.00|0.00|0.00|
|C100|1|0|11223344000166|55|00|000000202|000|15012024|17012024|1744.22|0.00|0.00|0.00|0.00|0.00|0.00|0.00|0.00|0.00|0|33366699000100|
|C170|1|PROD002|COMPONENTE ELETRICO B|32.51|UN|1744.22|5102|70|0.00|12.00|0.00|0.00|0.00|0.00|0.00|0.00|0.00|
|C100|1|0|11223344000166|55|00|000000203|000|24012024|26012024|99290.95|1776.79|213.21|0.00|0.00|0.00|0.00|0.00|0.00|0.00|0|99900011000155|
|C170|1|PROD004|PRODUTO ACABADO D|46.74|UN|32320.71|5401|40|0.00|12.00|0.00|0.00|0.00|0.00|0.00|0.00|0.00|
|C170|2|PROD008|CONJUNTO MONTADO H|44.81|UN|60220.16|5401|40|0.00|12.00|0.00|0.00|0.00|0.00|0.00|0.00|0.00|
|C170|3|PROD001|PECA MECANICA TIPO A|19.76|UN|1917.31|5401|10|1776.79|12.00|213.21|0.00|0.00|0.00|0.00|0.00|0.00|
|C170|4|PROD007|PARTE SOBRESSALENTE G|42.62|UN|4832.77|5401|41|0.00|12.00|0.00|0.00|0.00|0.00|0.00|0.00|0.00|
|C100|1|0|11223344000166|55|00|000000204|000|16012024|17012024|23474.07|21432.33|2571.88|0.00|0.00|0.00|0.00|0.00|0.00|0.00|0|55512312300010|
|C170|1|PROD004|PRODUTO ACABADO D|1.83|UN|1175.01|6102|30|0.00|12.00|0.00|0.00|0.00|0.00|0.00|0.00|0.00|
|C170|2|PROD001|PECA MECANICA TIPO A|2.40|UN|196.35|6102|20|187.89|12.00|22.55|0.00|0.00|0.00|0.00|0.00|0.00|
|C170|3|PROD007|PARTE SOBRESSALENTE G|7.56|UN|1186.31|6102|20|1010.59|12.00|121.27|0.00|0.00|0.00|0.00|0.00|0.00|
|C170|4|PROD006|EMBALAGEM PADRAO F|41.37|UN|466.60|6102|20|451.90|12.00|54.23|0.00|0.00|0.00|0.00|0.00|0.00|
|C170|5|PROD004|PRODUTO ACABADO D|29.65|UN|20449.80|6102|10|19781.95|12.00|2373.83|0.00|0.00|0.00|0.00|0.00|0.00|
|C100|1|0|11223344000166|55|00|000000205|000|04012024|07012024|10095.60|788.73|94.65|0.00|0.00|0.00|0.00|0.00|0.00|0.00|0|77788899000177|
|C170|1|PROD006|EMBALAGEM PADRAO F|34.94|UN|305.75|5401|00|285.25|12.00|34.23|0.00|0.00|0.00|0.00|0.00|0.00|
|C170|2|PROD003|MATERIAL BRUTO C|28.54|UN|9247.53|5401|50|0.00|12.00|0.00|0.00|0.00|0.00|0.00|0.00|0.00|
|C170|3|PROD005|INSUMO INDUSTRIAL E|34.74|UN|542.32|5401|10|503.48|12.00|60.42|0.00|0.00|0.00|0.00|0.00|0.00|
|C100|1|0|11223344000166|55|00|000000206|000|27012024|29012024|64162.40|58163.09|6979.56|0.00|0.00|0.00|0.00|0.00|0.00|0.00|0|55512312300010|
|C170|1|PROD008|CONJUNTO MONTADO H|43.19|UN|54376.10|5401|20|50729.53|12.00|6087.54|0.00|0.00|0.00|0.00|0.00|0.00|
|C170|2|PROD003|MATERIAL BRUTO C|4.22|UN|1243.68|5401|40|0.00|12.00|0.00|0.00|0.00|0.00|0.00|0.00|0.00|
|C170|3|PROD003|MATERIAL BRUTO C|29.33|UN|8485.76|5401|20|7379.69|12.00|885.56|0.00|0.00|0.00|0.00|0.00|0.00|
|C170|4|PROD006|EMBALAGEM PADRAO F|4.94|UN|56.86|5401|00|53.87|12.00|6.46|0.00|0.00|0.00|0.00|0.00|0.00|
|C100|1|0|11223344000166|55|00|000000207|000|26012024|27012024|17465.42|6898.08|827.77|0.00|0.00|0.00|0.00|0.00|0.00|0.00|0|77788899000177|
|C170|1|PROD007|PARTE SOBRESSALENTE G|35.85|UN|5095.72|5102|00|4791.64|12.00|575.00|0.00|0.00|0.00|0.00|0.00|0.00|
|C170|2|PROD004|PRODUTO ACABADO D|11.10|UN|9659.87|5102|40|0.00|12.00|0.00|0.00|0.00|0.00|0.00|0.00|0.00|
|C170|3|PROD005|INSUMO INDUSTRIAL E|20.27|UN|557.83|5102|40|0.00|12.00|0.00|0.00|0.00|0.00|0.00|0.00|0.00|
|C170|4|PROD001|PECA MECANICA TIPO A|18.96|UN|2152.00|5102|00|2106.44|12.00|252.77|0.00|0.00|0.00|0.00|0.00|0.00|
|C100|1|0|11223344000166|55|00|000000208|000|18012024|18012024|39306.04|22062.22|2647.47|0.00|0.00|0.00|0.00|0.00|0.00|0.00|0|55512312300010|
|C170|1|PROD003|MATERIAL BRUTO C|49.29|UN|14103.84|6102|40|0.00|12.00|0.00|0.00|0.00|0.00|0.00|0.00|0.00|
|C170|2|PROD002|COMPONENTE ELETRICO B|22.62|UN|1463.16|6102|10|1262.79|12.00|151.53|0.00|0.00|0.00|0.00|0.00|0.00|
|C170|3|PROD001|PECA MECANICA TIPO A|24.79|UN|1966.60|6102|00|1907.80|12.00|228.94|0.00|0.00|0.00|0.00|0.00|0.00|
|C170|4|PROD004|PRODUTO ACABADO D|41.23|UN|21772.44|6102|00|18891.63|12.00|2267.00|0.00|0.00|0.00|0.00|0.00|0.00|
|C100|1|0|11223344000166|55|00|000000209|000|04012024|07012024|29589.62|26487.47|3178.49|0.00|0.00|0.00|0.00|0.00|0.00|0.00|0|99900011000155|
|C170|1|PROD005|INSUMO INDUSTRIAL E|38.82|UN|1059.04|5102|90|1010.86|12.00|121.30|0.00|0.00|0.00|0.00|0.00|0.00|
|C170|2|PROD005|INSUMO INDUSTRIAL E|41.81|UN|896.78|5102|00|871.30|12.00|104.56|0.00|0.00|0.00|0.00|0.00|0.00|
|C170|3|PROD004|PRODUTO ACABADO D|19.59|UN|11747.67|5102|20|10100.29|12.00|1212.03|0.00|0.00|0.00|0.00|0.00|0.00|
|C170|4|PROD004|PRODUTO ACABADO D|21.24|UN|15886.13|5102|10|14505.02|12.00|1740.60|0.00|0.00|0.00|0.00|0.00|0.00|
|C100|1|0|11223344000166|55|00|000000210|000|31012024|31012024|2372.66|2166.99|260.04|0.00|0.00|0.00|0.00|0.00|0.00|0.00|0|99900011000155|
|C170|1|PROD001|PECA MECANICA TIPO A|24.16|UN|2372.66|5102|20|2166.99|12.00|260.04|0.00|0.00|0.00|0.00|0.00|0.00|
|C100|1|0|11223344000166|55|00|000000211|000|12012024|15012024|302.17|260.15|31.22|0.00|0.00|0.00|0.00|0.00|0.00|0.00|0|55512312300010|
|C170|1|PROD006|EMBALAGEM PADRAO F|36.49|UN|302.17|6101|90|260.15|12.00|31.22|0.00|0.00|0.00|0.00|0.00|0.00|
|C100|1|0|11223344000166|55|00|000000212|000|27012024|28012024|17887.61|8279.77|993.58|0.00|0.00|0.00|0.00|0.00|0.00|0.00|0|99900011000155|
|C170|1|PROD006|EMBALAGEM PADRAO F|14.51|UN|75.30|6102|40|0.00|12.00|0.00|0.00|0.00|0.00|0.00|0.00|0.00|
|C170|2|PROD003|MATERIAL BRUTO C|18.21|UN|3644.90|6102|40|0.00|12.00|0.00|0.00|0.00|0.00|0.00|0.00|0.00|
|C170|3|PROD003|MATERIAL BRUTO C|34.21|UN|8625.01|6102|00|7760.30|12.00|931.24|0.00|0.00|0.00|0.00|0.00|0.00|
|C170|4|PROD001|PECA MECANICA TIPO A|10.81|UN|564.39|6102|10|519.47|12.00|62.34|0.00|0.00|0.00|0.00|0.00|0.00|
|C170|5|PROD007|PARTE SOBRESSALENTE G|33.03|UN|4978.01|6102|30|0.00|12.00|0.00|0.00|0.00|0.00|0.00|0.00|0.00|
|C100|1|0|11223344000166|55|00|000000213|000|20012024|21012024|8699.44|8188.56|982.63|0.00|0.00|0.00|0.00|0.00|0.00|0.00|0|33366699000100|
|C170|1|PROD007|PARTE SOBRESSALENTE G|48.84|UN|3979.32|5102|10|3856.59|12.00|462.79|0.00|0.00|0.00|0.00|0.00|0.00|
|C170|2|PROD007|PARTE SOBRESSALENTE G|36.33|UN|4720.12|5102|20|4331.97|12.00|519.84|0.00|0.00|0.00|0.00|0.00|0.00|
|C100|1|0|11223344000166|55|00|000000214|000|10012024|12012024|1668.79|0.00|0.00|0.00|0.00|0.00|0.00|0.00|0.00|0.00|0|55512312300010|
|C170|1|PROD001|PECA MECANICA TIPO A|33.26|UN|1668.79|5102|60|0.00|12.00|0.00|0.00|0.00|0.00|0.00|0.00|0.00|
|C100|1|0|11223344000166|55|00|000000215|000|01012024|04012024|37855.33|32607.59|3912.91|0.00|0.00|0.00|0.00|0.00|0.00|0.00|0|77788899000177|
|C170|1|PROD004|PRODUTO ACABADO D|36.50|UN|25567.24|6102|90|24194.35|12.00|2903.32|0.00|0.00|0.00|0.00|0.00|0.00|
|C170|2|PROD008|CONJUNTO MONTADO H|2.35|UN|2732.73|6102|40|0.00|12.00|0.00|0.00|0.00|0.00|0.00|0.00|0.00|
|C170|3|PROD001|PECA MECANICA TIPO A|33.86|UN|1979.28|6102|20|1797.52|12.00|215.70|0.00|0.00|0.00|0.00|0.00|0.00|
|C170|4|PROD004|PRODUTO ACABADO D|7.09|UN|6802.05|6102|20|5931.56|12.00|711.79|0.00|0.00|0.00|0.00|0.00|0.00|
|C170|5|PROD003|MATERIAL BRUTO C|3.00|UN|774.03|6102|10|684.16|12.00|82.10|0.00|0.00|0.00|0.00|0.00|0.00|
|C100|1|0|11223344000166|55|00|000000216|000|26012024|28012024|6311.72|5106.88|612.83|0.00|0.00|0.00|0.00|0.00|0.00|0.00|0|22244466000133|
|C170|1|PROD005|INSUMO INDUSTRIAL E|21.34|UN|634.68|6101|40|0.00|12.00|0.00|0.00|0.00|0.00|0.00|0.00|0.00|
|C170|2|PROD006|EMBALAGEM PADRAO F|41.75|UN|331.94|6101|20|290.30|12.00|34.84|0.00|0.00|0.00|0.00|0.00|0.00|
|C170|3|PROD006|EMBALAGEM PADRAO F|38.31|UN|232.55|6101|90|226.85|12.00|27.22|0.00|0.00|0.00|0.00|0.00|0.00|
|C170|4|PROD006|EMBALAGEM PADRAO F|27.61|UN|305.15|6101|40|0.00|12.00|0.00|0.00|0.00|0.00|0.00|0.00|0.00|
|C170|5|PROD004|PRODUTO ACABADO D|7.83|UN|4807.40|6101|00|4589.73|12.00|550.77|0.00|0.00|0.00|0.00|0.00|0.00|
|C100|1|0|11223344000166|55|00|000000217|000|28012024|31012024|53667.50|47657.11|5718.86|0.00|0.00|0.00|0.00|0.00|0.00|0.00|0|55512312300010|
|C170|1|PROD005|INSUMO INDUSTRIAL E|35.06|UN|901.34|5102|41|0.00|12.00|0.00|0.00|0.00|0.00|0.00|0.00|0.00|
|C170|2|PROD004|PRODUTO ACABADO D|49.23|UN|37812.30|5102|00|34658.31|12.00|4159.00|0.00|0.00|0.00|0.00|0.00|0.00|
|C170|3|PROD002|COMPONENTE ELETRICO B|1.76|UN|124.50|5102|40|0.00|12.00|0.00|0.00|0.00|0.00|0.00|0.00|0.00|
|C170|4|PROD003|MATERIAL BRUTO C|42.97|UN|14560.11|5102|10|12998.80|12.00|1559.86|0.00|0.00|0.00|0.00|0.00|0.00|
|C170|5|PROD005|INSUMO INDUSTRIAL E|6.53|UN|269.25|5102|50|0.00|12.00|0.00|0.00|0.00|0.00|0.00|0.00|0.00|
|C100|1|0|11223344000166|55|00|000000218|000|14012024|17012024|29333.88|10188.90|1222.67|0.00|0.00|0.00|0.00|0.00|0.00|0.00|0|22244466000133|
|C170|1|PROD004|PRODUTO ACABADO D|9.85|UN|6689.55|5101|00|6364.14|12.00|763.70|0.00|0.00|0.00|0.00|0.00|0.00|
|C170|2|PROD001|PECA MECANICA TIPO A|42.67|UN|3577.03|5101|10|3061.86|12.00|367.42|0.00|0.00|0.00|0.00|0.00|0.00|
|C170|3|PROD002|COMPONENTE ELETRICO B|10.52|UN|780.31|5101|10|762.90|12.00|91.55|0.00|0.00|0.00|0.00|0.00|0.00|
|C170|4|PROD008|CONJUNTO MONTADO H|25.61|UN|18010.87|5101|40|0.00|12.00|0.00|0.00|0.00|0.00|0.00|0.00|0.00|
|C170|5|PROD005|INSUMO INDUSTRIAL E|8.35|UN|276.12|5101|40|0.00|12.00|0.00|0.00|0.00|0.00|0.00|0.00|0.00|
|C100|1|0|11223344000166|55|00|000000219|000|22012024|22012024|1248.83|0.00|0.00|0.00|0.00|0.00|0.00|0.00|0.00|0.00|0|33366699000100|
|C170|1|PROD005|INSUMO INDUSTRIAL E|42.41|UN|1248.83|6102|60|0.00|12.00|0.00|0.00|0.00|0.00|0.00|0.00|0.00|
|C100|1|0|11223344000166|55|00|000000220|000|20012024|20012024|1072.84|168.97|20.28|0.00|0.00|0.00|0.00|0.00|0.00|0.00|0|55512312300010|
|C170|1|PROD006|EMBALAGEM PADRAO F|24.04|UN|151.67|5401|51|142.59|12.00|17.11|0.00|0.00|0.00|0.00|0.00|0.00|
|C170|2|PROD001|PECA MECANICA TIPO A|12.91|UN|890.47|5401|41|0.00|12.00|0.00|0.00|0.00|0.00|0.00|0.00|0.00|
|C170|3|PROD006|EMBALAGEM PADRAO F|2.62|UN|30.70|5401|10|26.38|12.00|3.17|0.00|0.00|0.00|0.00|0.00|0.00|
|C100|1|0|11223344000166|55|00|000000221|000|06012024|09012024|3113.13|2838.15|340.58|0.00|0.00|0.00|0.00|0.00|0.00|0.00|0|33366699000100|
|C170|1|PROD001|PECA MECANICA TIPO A|27.94|UN|3113.13|5102|10|2838.15|12.00|340.58|0.00|0.00|0.00|0.00|0.00|0.00|
|C100|1|0|11223344000166|55|00|000000222|000|06012024|08012024|6702.74|1151.98|138.24|0.00|0.00|0.00|0.00|0.00|0.00|0.00|0|77788899000177|
|C170|1|PROD005|INSUMO INDUSTRIAL E|36.65|UN|1242.10|5101|90|1151.98|12.00|138.24|0.00|0.00|0.00|0.00|0.00|0.00|
|C170|2|PROD008|CONJUNTO MONTADO H|7.12|UN|5460.64|5101|40|0.00|12.00|0.00|0.00|0.00|0.00|0.00|0.00|0.00|
|C100|1|0|11223344000166|55|00|000000223|000|26012024|27012024|12466.22|8931.11|1071.73|0.00|0.00|0.00|0.00|0.00|0.00|0.00|0|33366699000100|
|C170|1|PROD003|MATERIAL BRUTO C|43.90|UN|10456.67|5102|51|8931.11|12.00|1071.73|0.00|0.00|0.00|0.00|0.00|0.00|
|C170|2|PROD002|COMPONENTE ELETRICO B|37.37|UN|2009.55|5102|60|0.00|12.00|0.00|0.00|0.00|0.00|0.00|0.00|0.00|
|C100|1|0|11223344000166|55|00|000000224|000|28012024|30012024|2479.40|352.12|42.25|0.00|0.00|0.00|0.00|0.00|0.00|0.00|0|55512312300010|
|C170|1|PROD006|EMBALAGEM PADRAO F|43.91|UN|370.15|6101|10|352.12|12.00|42.25|0.00|0.00|0.00|0.00|0.00|0.00|
|C170|2|PROD002|COMPONENTE ELETRICO B|41.14|UN|2109.25|6101|40|0.00|12.00|0.00|0.00|0.00|0.00|0.00|0.00|0.00|
|C100|1|0|11223344000166|55|00|000000225|000|06012024|08012024|5460.94|1520.64|182.48|0.00|0.00|0.00|0.00|0.00|0.00|0.00|0|99900011000155|
|C170|1|PROD001|PECA MECANICA TIPO A|9.35|UN|696.80|5401|40|0.00|12.00|0.00|0.00|0.00|0.00|0.00|0.00|0.00|
|C170|2|PROD002|COMPONENTE ELETRICO B|39.22|UN|1342.72|5401|00|1247.49|12.00|149.70|0.00|0.00|0.00|0.00|0.00|0.00|
|C170|3|PROD007|PARTE SOBRESSALENTE G|2.88|UN|325.19|5401|50|0.00|12.00|0.00|0.00|0.00|0.00|0.00|0.00|0.00|
|C170|4|PROD007|PARTE SOBRESSALENTE G|23.14|UN|2801.80|5401|30|0.00|12.00|0.00|0.00|0.00|0.00|0.00|0.00|0.00|
|C170|5|PROD006|EMBALAGEM PADRAO F|46.01|UN|294.43|5401|00|273.15|12.00|32.78|0.00|0.00|0.00|0.00|0.00|0.00|
|C100|1|0|11223344000166|55|00|000000226|000|15012024|16012024|30265.74|26826.92|3219.23|0.00|0.00|0.00|0.00|0.00|0.00|0.00|0|33366699000100|
|C170|1|PROD002|COMPONENTE ELETRICO B|49.62|UN|2755.84|5102|40|0.00|12.00|0.00|0.00|0.00|0.00|0.00|0.00|0.00|
|C170|2|PROD001|PECA MECANICA TIPO A|22.11|UN|1985.61|5102|10|1743.40|12.00|209.21|0.00|0.00|0.00|0.00|0.00|0.00|
|C170|3|PROD008|CONJUNTO MONTADO H|24.43|UN|25524.29|5102|00|25083.52|12.00|3010.02|0.00|0.00|0.00|0.00|0.00|0.00|
|C100|1|0|11223344000166|55|00|000000227|000|06012024|06012024|29741.97|29320.41|3518.45|0.00|0.00|0.00|0.00|0.00|0.00|0.00|0|99900011000155|
|C170|1|PROD006|EMBALAGEM PADRAO F|31.15|UN|320.54|6102|50|0.00|12.00|0.00|0.00|0.00|0.00|0.00|0.00|0.00|
|C170|2|PROD006|EMBALAGEM PADRAO F|4.53|UN|50.69|6102|50|0.00|12.00|0.00|0.00|0.00|0.00|0.00|0.00|0.00|
|C170|3|PROD008|CONJUNTO MONTADO H|36.70|UN|29370.74|6102|00|29320.41|12.00|3518.45|0.00|0.00|0.00|0.00|0.00|0.00|
|C100|1|0|11223344000166|55|00|000000228|000|02012024|03012024|38188.39|7172.39|860.68|0.00|0.00|0.00|0.00|0.00|0.00|0.00|0|22244466000133|
|C170|1|PROD006|EMBALAGEM PADRAO F|24.28|UN|260.25|6102|00|226.87|12.00|27.22|0.00|0.00|0.00|0.00|0.00|0.00|
|C170|2|PROD004|PRODUTO ACABADO D|15.33|UN|7944.06|6102|00|6945.52|12.00|833.46|0.00|0.00|0.00|0.00|0.00|0.00|
|C170|3|PROD001|PECA MECANICA TIPO A|1.81|UN|116.72|6102|30|0.00|12.00|0.00|0.00|0.00|0.00|0.00|0.00|0.00|
|C170|4|PROD008|CONJUNTO MONTADO H|41.88|UN|29867.36|6102|41|0.00|12.00|0.00|0.00|0.00|0.00|0.00|0.00|0.00|
|C100|1|0|11223344000166|55|00|000000229|000|03012024|05012024|6167.87|0.00|0.00|0.00|0.00|0.00|0.00|0.00|0.00|0.00|0|99900011000155|
|C170|1|PROD006|EMBALAGEM PADRAO F|12.65|UN|134.73|6102|60|0.00|12.00|0.00|0.00|0.00|0.00|0.00|0.00|0.00|
|C170|2|PROD007|PARTE SOBRESSALENTE G|42.32|UN|6033.14|6102|50|0.00|12.00|0.00|0.00|0.00|0.00|0.00|0.00|0.00|
|C100|1|0|11223344000166|55|00|000000230|000|03012024|03012024|10949.84|7037.40|844.50|0.00|0.00|0.00|0.00|0.00|0.00|0.00|0|77788899000177|
|C170|1|PROD005|INSUMO INDUSTRIAL E|23.67|UN|717.91|6102|30|0.00|12.00|0.00|0.00|0.00|0.00|0.00|0.00|0.00|
|C170|2|PROD002|COMPONENTE ELETRICO B|41.01|UN|2423.40|6102|60|0.00|12.00|0.00|0.00|0.00|0.00|0.00|0.00|0.00|
|C170|3|PROD004|PRODUTO ACABADO D|4.57|UN|4290.11|6102|90|3672.88|12.00|440.75|0.00|0.00|0.00|0.00|0.00|0.00|
|C170|4|PROD002|COMPONENTE ELETRICO B|7.89|UN|337.75|6102|20|307.31|12.00|36.88|0.00|0.00|0.00|0.00|0.00|0.00|
|C170|5|PROD002|COMPONENTE ELETRICO B|44.93|UN|3180.67|6102|00|3057.21|12.00|366.87|0.00|0.00|0.00|0.00|0.00|0.00|
|C100|1|0|11223344000166|55|00|000000231|000|27012024|30012024|49891.49|539.40|64.73|0.00|0.00|0.00|0.00|0.00|0.00|0.00|0|22244466000133|
|C170|1|PROD003|MATERIAL BRUTO C|30.71|UN|8272.66|6101|41|0.00|12.00|0.00|0.00|0.00|0.00|0.00|0.00|0.00|
|C170|2|PROD006|EMBALAGEM PADRAO F|8.31|UN|55.84|6101|90|52.38|12.00|6.29|0.00|0.00|0.00|0.00|0.00|0.00|
|C170|3|PROD008|CONJUNTO MONTADO H|49.37|UN|41065.65|6101|30|0.00|12.00|0.00|0.00|0.00|0.00|0.00|0.00|0.00|
|C170|4|PROD006|EMBALAGEM PADRAO F|42.73|UN|497.34|6101|00|487.02|12.00|58.44|0.00|0.00|0.00|0.00|0.00|0.00|
|C100|1|0|11223344000166|55|00|000000232|000|21012024|23012024|5800.46|1456.53|174.78|0.00|0.00|0.00|0.00|0.00|0.00|0.00|0|22244466000133|
|C170|1|PROD006|EMBALAGEM PADRAO F|14.78|UN|91.48|5401|00|81.33|12.00|9.76|0.00|0.00|0.00|0.00|0.00|0.00|
|C170|2|PROD003|MATERIAL BRUTO C|3.03|UN|775.78|5401|40|0.00|12.00|0.00|0.00|0.00|0.00|0.00|0.00|0.00|
|C170|3|PROD006|EMBALAGEM PADRAO F|25.81|UN|194.58|5401|10|167.25|12.00|20.07|0.00|0.00|0.00|0.00|0.00|0.00|
|C170|4|PROD007|PARTE SOBRESSALENTE G|26.75|UN|3437.64|5401|40|0.00|12.00|0.00|0.00|0.00|0.00|0.00|0.00|0.00|
|C170|5|PROD003|MATERIAL BRUTO C|6.07|UN|1300.98|5401|00|1207.95|12.00|144.95|0.00|0.00|0.00|0.00|0.00|0.00|
|C100|1|0|11223344000166|55|00|000000233|000|09012024|11012024|13326.69|12517.84|1502.14|0.00|0.00|0.00|0.00|0.00|0.00|0.00|0|22244466000133|
|C170|1|PROD003|MATERIAL BRUTO C|41.92|UN|13326.69|5102|51|12517.84|12.00|1502.14|0.00|0.00|0.00|0.00|0.00|0.00|
|C100|1|0|11223344000166|55|00|000000234|000|22012024|25012024|428.35|0.00|0.00|0.00|0.00|0.00|0.00|0.00|0.00|0.00|0|33366699000100|
|C170|1|PROD005|INSUMO INDUSTRIAL E|22.98|UN|428.35|6102|50|0.00|12.00|0.00|0.00|0.00|0.00|0.00|0.00|0.00|
|C100|1|0|11223344000166|55|00|000000235|000|16012024|19012024|49358.98|48503.45|5820.41|0.00|0.00|0.00|0.00|0.00|0.00|0.00|0|33366699000100|
|C170|1|PROD002|COMPONENTE ELETRICO B|6.80|UN|372.19|5403|20|328.91|12.00|39.47|0.00|0.00|0.00|0.00|0.00|0.00|
|C170|2|PROD005|INSUMO INDUSTRIAL E|10.30|UN|231.12|5403|30|0.00|12.00|0.00|0.00|0.00|0.00|0.00|0.00|0.00|
|C170|3|PROD008|CONJUNTO MONTADO H|40.58|UN|48755.67|5403|00|48174.54|12.00|5780.94|0.00|0.00|0.00|0.00|0.00|0.00|
|C100|1|0|11223344000166|55|00|000000236|000|26012024|29012024|34681.24|33541.57|4024.99|0.00|0.00|0.00|0.00|0.00|0.00|0.00|0|55512312300010|
|C170|1|PROD008|CONJUNTO MONTADO H|26.49|UN|34681.24|5102|20|33541.57|12.00|4024.99|0.00|0.00|0.00|0.00|0.00|0.00|
|C100|1|0|11223344000166|55|00|000000237|000|14012024|15012024|69256.23|23730.23|2847.62|0.00|0.00|0.00|0.00|0.00|0.00|0.00|0|33366699000100|
|C170|1|PROD005|INSUMO INDUSTRIAL E|35.10|UN|1168.70|5101|00|1043.79|12.00|125.25|0.00|0.00|0.00|0.00|0.00|0.00|
|C170|2|PROD001|PECA MECANICA TIPO A|6.63|UN|616.63|5101|20|582.62|12.00|69.91|0.00|0.00|0.00|0.00|0.00|0.00|
|C170|3|PROD008|CONJUNTO MONTADO H|45.29|UN|42517.73|5101|40|0.00|12.00|0.00|0.00|0.00|0.00|0.00|0.00|0.00|
|C170|4|PROD008|CONJUNTO MONTADO H|19.46|UN|24953.17|5101|51|22103.82|12.00|2652.46|0.00|0.00|0.00|0.00|0.00|0.00|
|C100|1|0|11223344000166|55|00|000000238|000|13012024|16012024|65387.31|60943.62|7313.24|0.00|0.00|0.00|0.00|0.00|0.00|0.00|0|55512312300010|
|C170|1|PROD001|PECA MECANICA TIPO A|49.95|UN|3071.17|5101|10|2734.30|12.00|328.12|0.00|0.00|0.00|0.00|0.00|0.00|
|C170|2|PROD004|PRODUTO ACABADO D|21.05|UN|19779.03|5101|20|18590.77|12.00|2230.89|0.00|0.00|0.00|0.00|0.00|0.00|
|C170|3|PROD003|MATERIAL BRUTO C|4.05|UN|1245.16|5101|90|1208.03|12.00|144.96|0.00|0.00|0.00|0.00|0.00|0.00|
|C170|4|PROD005|INSUMO INDUSTRIAL E|41.43|UN|1166.97|5101|00|1093.46|12.00|131.22|0.00|0.00|0.00|0.00|0.00|0.00|
|C170|5|PROD008|CONJUNTO MONTADO H|38.75|UN|40124.98|5101|00|37317.06|12.00|4478.05|0.00|0.00|0.00|0.00|0.00|0.00|
|C100|1|0|11223344000166|55|00|000000239|000|18012024|19012024|70602.81|69709.35|8365.12|0.00|0.00|0.00|0.00|0.00|0.00|0.00|0|99900011000155|
|C170|1|PROD008|CONJUNTO MONTADO H|45.02|UN|57516.57|5102|10|56968.91|12.00|6836.27|0.00|0.00|0.00|0.00|0.00|0.00|
|C170|2|PROD003|MATERIAL BRUTO C|48.64|UN|11448.38|5102|00|11282.32|12.00|1353.88|0.00|0.00|0.00|0.00|0.00|0.00|
|C170|3|PROD005|INSUMO INDUSTRIAL E|46.72|UN|1637.86|5102|10|1458.12|12.00|174.97|0.00|0.00|0.00|0.00|0.00|0.00|
|C100|1|0|11223344000166|55|00|000000240|000|08012024|09012024|9922.98|7164.11|859.69|0.00|0.00|0.00|0.00|0.00|0.00|0.00|0|77788899000177|
|C170|1|PROD005|INSUMO INDUSTRIAL E|28.03|UN|1020.01|5401|40|0.00|12.00|0.00|0.00|0.00|0.00|0.00|0.00|0.00|
|C170|2|PROD003|MATERIAL BRUTO C|25.34|UN|8199.91|5401|20|7164.11|12.00|859.69|0.00|0.00|0.00|0.00|0.00|0.00|
|C170|3|PROD001|PECA MECANICA TIPO A|3.62|UN|239.48|5401|40|0.00|12.00|0.00|0.00|0.00|0.00|0.00|0.00|0.00|
|C170|4|PROD005|INSUMO INDUSTRIAL E|25.39|UN|463.58|5401|30|0.00|12.00|0.00|0.00|0.00|0.00|0.00|0.00|0.00|
|C100|1|0|11223344000166|55|00|000000241|000|05012024|08012024|62446.23|47566.45|5707.97|0.00|0.00|0.00|0.00|0.00|0.00|0.00|0|33366699000100|
|C170|1|PROD006|EMBALAGEM PADRAO F|18.61|UN|121.52|5101|40|0.00|12.00|0.00|0.00|0.00|0.00|0.00|0.00|0.00|
|C170|2|PROD004|PRODUTO ACABADO D|49.76|UN|37325.24|5101|00|32864.00|12.00|3943.68|0.00|0.00|0.00|0.00|0.00|0.00|
|C170|3|PROD004|PRODUTO ACABADO D|14.05|UN|9943.05|5101|40|0.00|12.00|0.00|0.00|0.00|0.00|0.00|0.00|0.00|
|C170|4|PROD008|CONJUNTO MONTADO H|15.69|UN|15056.42|5101|00|14702.45|12.00|1764.29|0.00|0.00|0.00|0.00|0.00|0.00|
|C100|1|0|11223344000166|55|00|000000242|000|14012024|17012024|21578.18|13518.73|1622.24|0.00|0.00|0.00|0.00|0.00|0.00|0.00|0|55512312300010|
|C170|1|PROD005|INSUMO INDUSTRIAL E|29.51|UN|447.11|6101|40|0.00|12.00|0.00|0.00|0.00|0.00|0.00|0.00|0.00|
|C170|2|PROD003|MATERIAL BRUTO C|28.11|UN|5932.41|6101|40|0.00|12.00|0.00|0.00|0.00|0.00|0.00|0.00|0.00|
|C170|3|PROD003|MATERIAL BRUTO C|41.95|UN|11469.13|6101|00|10075.28|12.00|1209.03|0.00|0.00|0.00|0.00|0.00|0.00|
|C170|4|PROD002|COMPONENTE ELETRICO B|27.63|UN|1116.37|6101|00|976.45|12.00|117.17|0.00|0.00|0.00|0.00|0.00|0.00|
|C170|5|PROD002|COMPONENTE ELETRICO B|35.04|UN|2613.16|6101|90|2467.00|12.00|296.04|0.00|0.00|0.00|0.00|0.00|0.00|
|C100|1|0|11223344000166|55|00|000000243|000|15012024|16012024|541.97|0.00|0.00|0.00|0.00|0.00|0.00|0.00|0.00|0.00|0|33366699000100|
|C170|1|PROD005|INSUMO INDUSTRIAL E|20.99|UN|341.96|6102|30|0.00|12.00|0.00|0.00|0.00|0.00|0.00|0.00|0.00|
|C170|2|PROD006|EMBALAGEM PADRAO F|22.05|UN|200.01|6102|60|0.00|12.00|0.00|0.00|0.00|0.00|0.00|0.00|0.00|
|C100|1|0|11223344000166|55|00|000000244|000|31012024|03022024|35231.89|33893.13|4067.18|0.00|0.00|0.00|0.00|0.00|0.00|0.00|0|77788899000177|
|C170|1|PROD008|CONJUNTO MONTADO H|47.34|UN|34202.23|6102|90|32894.44|12.00|3947.33|0.00|0.00|0.00|0.00|0.00|0.00|
|C170|2|PROD006|EMBALAGEM PADRAO F|4.69|UN|50.33|6102|00|47.64|12.00|5.72|0.00|0.00|0.00|0.00|0.00|0.00|
|C170|3|PROD005|INSUMO INDUSTRIAL E|45.51|UN|979.33|6102|00|951.05|12.00|114.13|0.00|0.00|0.00|0.00|0.00|0.00|
|C100|1|0|11223344000166|55|00|000000245|000|26012024|28012024|9046.44|7972.45|956.69|0.00|0.00|0.00|0.00|0.00|0.00|0.00|0|99900011000155|
|C170|1|PROD007|PARTE SOBRESSALENTE G|26.79|UN|2903.56|6101|51|2864.94|12.00|343.79|0.00|0.00|0.00|0.00|0.00|0.00|
|C170|2|PROD001|PECA MECANICA TIPO A|41.25|UN|2727.30|6101|20|2665.27|12.00|319.83|0.00|0.00|0.00|0.00|0.00|0.00|
|C170|3|PROD002|COMPONENTE ELETRICO B|33.52|UN|2764.40|6101|51|2442.24|12.00|293.07|0.00|0.00|0.00|0.00|0.00|0.00|
|C170|4|PROD002|COMPONENTE ELETRICO B|8.19|UN|651.18|6101|41|0.00|12.00|0.00|0.00|0.00|0.00|0.00|0.00|0.00|
|C100|1|0|11223344000166|55|00|000000246|000|21012024|22012024|1171.47|1000.56|120.07|0.00|0.00|0.00|0.00|0.00|0.00|0.00|0|22244466000133|
|C170|1|PROD007|PARTE SOBRESSALENTE G|9.54|UN|1171.47|5101|00|1000.56|12.00|120.07|0.00|0.00|0.00|0.00|0.00|0.00|
|C100|1|0|11223344000166|55|00|000000247|000|03012024|03012024|45285.09|1006.59|120.79|0.00|0.00|0.00|0.00|0.00|0.00|0.00|0|33366699000100|
|C170|1|PROD001|PECA MECANICA TIPO A|14.00|UN|1677.96|5102|40|0.00|12.00|0.00|0.00|0.00|0.00|0.00|0.00|0.00|
|C170|2|PROD001|PECA MECANICA TIPO A|21.56|UN|1155.56|5102|10|1006.59|12.00|120.79|0.00|0.00|0.00|0.00|0.00|0.00|
|C170|3|PROD008|CONJUNTO MONTADO H|48.87|UN|41629.91|5102|40|0.00|12.00|0.00|0.00|0.00|0.00|0.00|0.00|0.00|
|C170|4|PROD005|INSUMO INDUSTRIAL E|23.48|UN|821.66|5102|40|0.00|12.00|0.00|0.00|0.00|0.00|0.00|0.00|0.00|
|C100|1|0|11223344000166|55|00|000000248|000|13012024|15012024|48895.46|38707.82|4644.94|0.00|0.00|0.00|0.00|0.00|0.00|0.00|0|22244466000133|
|C170|1|PROD002|COMPONENTE ELETRICO B|43.12|UN|1942.81|6102|30|0.00|12.00|0.00|0.00|0.00|0.00|0.00|0.00|0.00|
|C170|2|PROD007|PARTE SOBRESSALENTE G|30.91|UN|3113.04|6102|50|0.00|12.00|0.00|0.00|0.00|0.00|0.00|0.00|0.00|
|C170|3|PROD004|PRODUTO ACABADO D|48.34|UN|43839.61|6102|00|38707.82|12.00|4644.94|0.00|0.00|0.00|0.00|0.00|0.00|
|C100|1|0|11223344000166|55|00|000000249|000|02012024|03012024|1757.62|0.00|0.00|0.00|0.00|0.00|0.00|0.00|0.00|0.00|0|55512312300010|
|C170|1|PROD003|MATERIAL BRUTO C|5.86|UN|1757.62|6102|50|0.00|12.00|0.00|0.00|0.00|0.00|0.00|0.00|0.00|
|C100|1|0|11223344000166|55|00|000000250|000|08012024|10012024|14832.08|0.00|0.00|0.00|0.00|0.00|0.00|0.00|0.00|0.00|0|77788899000177|
|C170|1|PROD003|MATERIAL BRUTO C|41.73|UN|14490.88|6102|60|0.00|12.00|0.00|0.00|0.00|0.00|0.00|0.00|0.00|
|C170|2|PROD006|EMBALAGEM PADRAO F|32.04|UN|341.20|6102|50|0.00|12.00|0.00|0.00|0.00|0.00|0.00|0.00|0.00|
|C100|1|0|11223344000166|55|00|000000251|000|10012024|10012024|1769.58|1695.92|203.51|0.00|0.00|0.00|0.00|0.00|0.00|0.00|0|99900011000155|
|C170|1|PROD001|PECA MECANICA TIPO A|29.80|UN|1769.58|5101|20|1695.92|12.00|203.51|0.00|0.00|0.00|0.00|0.00|0.00|
|C100|1|0|11223344000166|55|00|000000252|000|18012024|21012024|33929.61|20274.29|2432.92|0.00|0.00|0.00|0.00|0.00|0.00|0.00|0|55512312300010|
|C170|1|PROD001|PECA MECANICA TIPO A|21.46|UN|1428.36|6102|00|1222.08|12.00|146.65|0.00|0.00|0.00|0.00|0.00|0.00|
|C170|2|PROD004|PRODUTO ACABADO D|13.78|UN|11451.57|6102|40|0.00|12.00|0.00|0.00|0.00|0.00|0.00|0.00|0.00|
|C170|3|PROD004|PRODUTO ACABADO D|24.27|UN|21049.68|6102|20|19052.21|12.00|2286.27|0.00|0.00|0.00|0.00|0.00|0.00|
|C100|1|0|11223344000166|55|00|000000253|000|08012024|10012024|7334.21|4229.54|507.54|0.00|0.00|0.00|0.00|0.00|0.00|0.00|0|33366699000100|
|C170|1|PROD003|MATERIAL BRUTO C|7.17|UN|2168.00|5102|60|0.00|12.00|0.00|0.00|0.00|0.00|0.00|0.00|0.00|
|C170|2|PROD003|MATERIAL BRUTO C|15.73|UN|4944.88|5102|20|4229.54|12.00|507.54|0.00|0.00|0.00|0.00|0.00|0.00|
|C170|3|PROD006|EMBALAGEM PADRAO F|30.95|UN|221.33|5102|60|0.00|12.00|0.00|0.00|0.00|0.00|0.00|0.00|0.00|
|C100|1|0|11223344000166|55|00|000000254|000|01012024|01012024|11549.38|9129.72|1095.57|0.00|0.00|0.00|0.00|0.00|0.00|0.00|0|99900011000155|
|C170|1|PROD004|PRODUTO ACABADO D|19.30|UN|10560.86|6102|00|9129.72|12.00|1095.57|0.00|0.00|0.00|0.00|0.00|0.00|
|C170|2|PROD005|INSUMO INDUSTRIAL E|39.52|UN|988.52|6102|50|0.00|12.00|0.00|0.00|0.00|0.00|0.00|0.00|0.00|
|C100|1|0|11223344000166|55|00|000000255|000|02012024|02012024|63815.40|53468.24|6416.20|0.00|0.00|0.00|0.00|0.00|0.00|0.00|0|33366699000100|
|C170|1|PROD008|CONJUNTO MONTADO H|28.60|UN|25438.72|5401|00|24899.31|12.00|2987.92|0.00|0.00|0.00|0.00|0.00|0.00|
|C170|2|PROD007|PARTE SOBRESSALENTE G|45.40|UN|6335.15|5401|60|0.00|12.00|0.00|0.00|0.00|0.00|0.00|0.00|0.00|
|C170|3|PROD003|MATERIAL BRUTO C|41.40|UN|14226.63|5401|10|13006.88|12.00|1560.83|0.00|0.00|0.00|0.00|0.00|0.00|
|C170|4|PROD001|PECA MECANICA TIPO A|44.02|UN|2405.42|5401|00|2050.84|12.00|246.10|0.00|0.00|0.00|0.00|0.00|0.00|
|C170|5|PROD003|MATERIAL BRUTO C|49.20|UN|15409.48|5401|10|13511.21|12.00|1621.35|0.00|0.00|0.00|0.00|0.00|0.00|
|C100|1|0|11223344000166|55|00|000000256|000|29012024|31012024|5540.99|0.00|0.00|0.00|0.00|0.00|0.00|0.00|0.00|0.00|0|55512312300010|
|C170|1|PROD003|MATERIAL BRUTO C|24.65|UN|5540.99|5101|40|0.00|12.00|0.00|0.00|0.00|0.00|0.00|0.00|0.00|
|C100|1|0|11223344000166|55|00|000000257|000|06012024|06012024|7829.93|7766.77|932.01|0.00|0.00|0.00|0.00|0.00|0.00|0.00|0|33366699000100|
|C170|1|PROD006|EMBALAGEM PADRAO F|39.07|UN|206.70|5101|10|183.62|12.00|22.03|0.00|0.00|0.00|0.00|0.00|0.00|
|C170|2|PROD004|PRODUTO ACABADO D|10.18|UN|7623.23|5101|00|7583.15|12.00|909.98|0.00|0.00|0.00|0.00|0.00|0.00|
|C100|1|0|11223344000166|55|00|000000258|000|22012024|24012024|25818.07|23356.27|2802.75|0.00|0.00|0.00|0.00|0.00|0.00|0.00|0|55512312300010|
|C170|1|PROD006|EMBALAGEM PADRAO F|12.73|UN|103.39|5403|00|99.01|12.00|11.88|0.00|0.00|0.00|0.00|0.00|0.00|
|C170|2|PROD004|PRODUTO ACABADO D|23.39|UN|15236.43|5403|00|13435.35|12.00|1612.24|0.00|0.00|0.00|0.00|0.00|0.00|
|C170|3|PROD003|MATERIAL BRUTO C|37.04|UN|10192.30|5403|20|9546.94|12.00|1145.63|0.00|0.00|0.00|0.00|0.00|0.00|
|C170|4|PROD006|EMBALAGEM PADRAO F|26.19|UN|285.95|5403|10|274.97|12.00|33.00|0.00|0.00|0.00|0.00|0.00|0.00|
|C100|1|0|11223344000166|55|00|000000259|000|30012024|31012024|17120.41|15777.55|1893.31|0.00|0.00|0.00|0.00|0.00|0.00|0.00|0|33366699000100|
|C170|1|PROD003|MATERIAL BRUTO C|17.69|UN|4373.18|5401|00|3908.43|12.00|469.01|0.00|0.00|0.00|0.00|0.00|0.00|
|C170|2|PROD002|COMPONENTE ELETRICO B|21.63|UN|713.11|5401|00|658.89|12.00|79.07|0.00|0.00|0.00|0.00|0.00|0.00|
|C170|3|PROD003|MATERIAL BRUTO C|44.60|UN|10495.11|5401|90|9727.91|12.00|1167.35|0.00|0.00|0.00|0.00|0.00|0.00|
|C170|4|PROD006|EMBALAGEM PADRAO F|28.36|UN|222.07|5401|00|217.11|12.00|26.05|0.00|0.00|0.00|0.00|0.00|0.00|
|C170|5|PROD005|INSUMO INDUSTRIAL E|32.87|UN|1316.94|5401|00|1265.21|12.00|151.83|0.00|0.00|0.00|0.00|0.00|0.00|
|C100|1|0|11223344000166|55|00|000000260|000|24012024|24012024|12016.95|10113.15|1213.57|0.00|0.00|0.00|0.00|0.00|0.00|0.00|0|33366699000100|
|C170|1|PROD005|INSUMO INDUSTRIAL E|29.12|UN|475.32|6101|10|429.37|12.00|51.52|0.00|0.00|0.00|0.00|0.00|0.00|
|C170|2|PROD002|COMPONENTE ELETRICO B|1.82|UN|109.24|6101|51|96.17|12.00|11.54|0.00|0.00|0.00|0.00|0.00|0.00|
|C170|3|PROD004|PRODUTO ACABADO D|17.65|UN|11266.13|6101|00|9587.61|12.00|1150.51|0.00|0.00|0.00|0.00|0.00|0.00|
|C170|4|PROD006|EMBALAGEM PADRAO F|16.71|UN|166.26|6101|40|0.00|12.00|0.00|0.00|0.00|0.00|0.00|0.00|0.00|
|C100|1|0|11223344000166|55|00|000000261|000|13012024|15012024|14431.22|11777.63|1413.32|0.00|0.00|0.00|0.00|0.00|0.00|0.00|0|99900011000155|
|C170|1|PROD001|PECA MECANICA TIPO A|25.62|UN|1391.20|5102|40|0.00|12.00|0.00|0.00|0.00|0.00|0.00|0.00|0.00|
|C170|2|PROD007|PARTE SOBRESSALENTE G|47.41|UN|5296.39|5102|00|4750.47|12.00|570.06|0.00|0.00|0.00|0.00|0.00|0.00|
|C170|3|PROD003|MATERIAL BRUTO C|18.42|UN|5960.11|5102|00|5341.43|12.00|640.97|0.00|0.00|0.00|0.00|0.00|0.00|
|C170|4|PROD004|PRODUTO ACABADO D|2.48|UN|1783.52|5102|10|1685.73|12.00|202.29|0.00|0.00|0.00|0.00|0.00|0.00|
|C100|1|0|11223344000166|55|00|000000262|000|04012024|06012024|16595.40|14241.02|1708.92|0.00|0.00|0.00|0.00|0.00|0.00|0.00|0|55512312300010|
|C170|1|PROD003|MATERIAL BRUTO C|12.02|UN|2468.27|5102|51|2143.65|12.00|257.24|0.00|0.00|0.00|0.00|0.00|0.00|
|C170|2|PROD002|COMPONENTE ELETRICO B|14.17|UN|657.44|5102|40|0.00|12.00|0.00|0.00|0.00|0.00|0.00|0.00|0.00|
|C170|3|PROD002|COMPONENTE ELETRICO B|3.02|UN|194.57|5102|70|0.00|12.00|0.00|0.00|0.00|0.00|0.00|0.00|0.00|
|C170|4|PROD005|INSUMO INDUSTRIAL E|31.94|UN|814.42|5102|10|715.17|12.00|85.82|0.00|0.00|0.00|0.00|0.00|0.00|
|C170|5|PROD004|PRODUTO ACABADO D|16.01|UN|12460.70|5102|00|11382.20|12.00|1365.86|0.00|0.00|0.00|0.00|0.00|0.00|
|C100|1|0|11223344000166|55|00|000000263|000|30012024|31012024|44628.40|8982.98|1077.96|0.00|0.00|0.00|0.00|0.00|0.00|0.00|0|22244466000133|
|C170|1|PROD001|PECA MECANICA TIPO A|48.20|UN|5277.37|5401|40|0.00|12.00|0.00|0.00|0.00|0.00|0.00|0.00|0.00|
|C170|2|PROD004|PRODUTO ACABADO D|13.79|UN|9119.30|5401|00|8320.82|12.00|998.50|0.00|0.00|0.00|0.00|0.00|0.00|
|C170|3|PROD001|PECA MECANICA TIPO A|10.12|UN|663.40|5401|00|662.16|12.00|79.46|0.00|0.00|0.00|0.00|0.00|0.00|
|C170|4|PROD006|EMBALAGEM PADRAO F|49.46|UN|320.47|5401|40|0.00|12.00|0.00|0.00|0.00|0.00|0.00|0.00|0.00|
|C170|5|PROD004|PRODUTO ACABADO D|34.62|UN|29247.86|5401|40|0.00|12.00|0.00|0.00|0.00|0.00|0.00|0.00|0.00|
|C100|1|0|11223344000166|55|00|000000264|000|22012024|22012024|83866.67|839.52|100.74|0.00|0.00|0.00|0.00|0.00|0.00|0.00|0|55512312300010|
|C170|1|PROD004|PRODUTO ACABADO D|44.52|UN|42501.08|5102|40|0.00|12.00|0.00|0.00|0.00|0.00|0.00|0.00|0.00|
|C170|2|PROD002|COMPONENTE ELETRICO B|39.34|UN|2390.09|5102|41|0.00|12.00|0.00|0.00|0.00|0.00|0.00|0.00|0.00|
|C170|3|PROD006|EMBALAGEM PADRAO F|26.31|UN|289.66|5102|40|0.00|12.00|0.00|0.00|0.00|0.00|0.00|0.00|0.00|
|C170|4|PROD008|CONJUNTO MONTADO H|28.05|UN|37767.81|5102|60|0.00|12.00|0.00|0.00|0.00|0.00|0.00|0.00|0.00|
|C170|5|PROD005|INSUMO INDUSTRIAL E|34.99|UN|918.03|5102|10|839.52|12.00|100.74|0.00|0.00|0.00|0.00|0.00|0.00|
|C100|1|0|11223344000166|55|00|000000265|000|10012024|11012024|1970.74|1832.52|219.90|0.00|0.00|0.00|0.00|0.00|0.00|0.00|0|99900011000155|
|C170|1|PROD004|PRODUTO ACABADO D|2.59|UN|1970.74|5102|00|1832.52|12.00|219.90|0.00|0.00|0.00|0.00|0.00|0.00|
|C100|1|0|11223344000166|55|00|000000266|000|16012024|17012024|36103.81|4390.83|526.90|0.00|0.00|0.00|0.00|0.00|0.00|0.00|0|77788899000177|
|C170|1|PROD006|EMBALAGEM PADRAO F|49.79|UN|329.13|5401|10|310.45|12.00|37.25|0.00|0.00|0.00|0.00|0.00|0.00|
|C170|2|PROD001|PECA MECANICA TIPO A|30.46|UN|2088.68|5401|40|0.00|12.00|0.00|0.00|0.00|0.00|0.00|0.00|0.00|
|C170|3|PROD008|CONJUNTO MONTADO H|26.25|UN|23551.96|5401|40|0.00|12.00|0.00|0.00|0.00|0.00|0.00|0.00|0.00|
|C170|4|PROD001|PECA MECANICA TIPO A|40.98|UN|4508.07|5401|00|4080.38|12.00|489.65|0.00|0.00|0.00|0.00|0.00|0.00|
|C170|5|PROD003|MATERIAL BRUTO C|26.34|UN|5625.97|5401|60|0.00|12.00|0.00|0.00|0.00|0.00|0.00|0.00|0.00|
|C100|1|0|11223344000166|55|00|000000267|000|22012024|24012024|6850.77|3053.55|366.42|0.00|0.00|0.00|0.00|0.00|0.00|0.00|0|77788899000177|
|C170|1|PROD005|INSUMO INDUSTRIAL E|11.02|UN|415.20|6101|00|353.60|12.00|42.43|0.00|0.00|0.00|0.00|0.00|0.00|
|C170|2|PROD002|COMPONENTE ELETRICO B|45.73|UN|2901.96|6101|10|2699.95|12.00|323.99|0.00|0.00|0.00|0.00|0.00|0.00|
|C170|3|PROD001|PECA MECANICA TIPO A|45.35|UN|3533.61|6101|50|0.00|12.00|0.00|0.00|0.00|0.00|0.00|0.00|0.00|
|C100|1|0|11223344000166|55|00|000000268|000|08012024|10012024|12488.71|3361.92|403.43|0.00|0.00|0.00|0.00|0.00|0.00|0.00|0|22244466000133|
|C170|1|PROD003|MATERIAL BRUTO C|27.65|UN|8953.62|5401|70|0.00|12.00|0.00|0.00|0.00|0.00|0.00|0.00|0.00|
|C170|2|PROD001|PECA MECANICA TIPO A|23.86|UN|2322.48|5401|10|2277.39|12.00|273.29|0.00|0.00|0.00|0.00|0.00|0.00|
|C170|3|PROD001|PECA MECANICA TIPO A|15.74|UN|1212.61|5401|20|1084.53|12.00|130.14|0.00|0.00|0.00|0.00|0.00|0.00|
|C100|1|0|11223344000166|55|00|000000269|000|14012024|17012024|4328.28|4004.49|480.54|0.00|0.00|0.00|0.00|0.00|0.00|0.00|0|77788899000177|
|C170|1|PROD007|PARTE SOBRESSALENTE G|31.84|UN|4328.28|5403|00|4004.49|12.00|480.54|0.00|0.00|0.00|0.00|0.00|0.00|
|C100|1|0|11223344000166|55|00|000000270|000|21012024|22012024|40290.30|13427.12|1611.26|0.00|0.00|0.00|0.00|0.00|0.00|0.00|0|55512312300010|
|C170|1|PROD008|CONJUNTO MONTADO H|29.86|UN|26310.21|6102|70|0.00|12.00|0.00|0.00|0.00|0.00|0.00|0.00|0.00|
|C170|2|PROD005|INSUMO INDUSTRIAL E|26.78|UN|661.42|6102|20|576.06|12.00|69.13|0.00|0.00|0.00|0.00|0.00|0.00|
|C170|3|PROD002|COMPONENTE ELETRICO B|8.35|UN|406.26|6102|00|372.33|12.00|44.68|0.00|0.00|0.00|0.00|0.00|0.00|
|C170|4|PROD003|MATERIAL BRUTO C|37.95|UN|12912.41|6102|00|12478.73|12.00|1497.45|0.00|0.00|0.00|0.00|0.00|0.00|
|C100|1|0|11223344000166|55|00|000000271|000|06012024|08012024|52867.96|45156.31|5418.75|0.00|0.00|0.00|0.00|0.00|0.00|0.00|0|22244466000133|
|C170|1|PROD004|PRODUTO ACABADO D|47.81|UN|28297.33|5403|10|26401.27|12.00|3168.15|0.00|0.00|0.00|0.00|0.00|0.00|
|C170|2|PROD008|CONJUNTO MONTADO H|4.63|UN|3440.88|5403|41|0.00|12.00|0.00|0.00|0.00|0.00|0.00|0.00|0.00|
|C170|3|PROD004|PRODUTO ACABADO D|41.04|UN|21129.75|5403|00|18755.04|12.00|2250.60|0.00|0.00|0.00|0.00|0.00|0.00|
|C100|1|0|11223344000166|55|00|000000272|000|30012024|30012024|46021.13|14746.98|1769.64|0.00|0.00|0.00|0.00|0.00|0.00|0.00|0|55512312300010|
|C170|1|PROD004|PRODUTO ACABADO D|44.13|UN|29974.29|5102|40|0.00|12.00|0.00|0.00|0.00|0.00|0.00|0.00|0.00|
|C170|2|PROD007|PARTE SOBRESSALENTE G|48.85|UN|5747.71|5102|20|5142.76|12.00|617.13|0.00|0.00|0.00|0.00|0.00|0.00|
|C170|3|PROD004|PRODUTO ACABADO D|5.76|UN|4903.55|5102|10|4379.14|12.00|525.50|0.00|0.00|0.00|0.00|0.00|0.00|
|C170|4|PROD004|PRODUTO ACABADO D|5.58|UN|5395.58|5102|00|5225.08|12.00|627.01|0.00|0.00|0.00|0.00|0.00|0.00|
|C100|1|0|11223344000166|55|00|000000273|000|25012024|26012024|101095.13|16056.51|1926.78|0.00|0.00|0.00|0.00|0.00|0.00|0.00|0|33366699000100|
|C170|1|PROD003|MATERIAL BRUTO C|36.46|UN|11936.31|5101|40|0.00|12.00|0.00|0.00|0.00|0.00|0.00|0.00|0.00|
|C170|2|PROD006|EMBALAGEM PADRAO F|10.93|UN|91.35|5101|20|86.29|12.00|10.35|0.00|0.00|0.00|0.00|0.00|0.00|
|C170|3|PROD008|CONJUNTO MONTADO H|26.72|UN|24216.92|5101|40|0.00|12.00|0.00|0.00|0.00|0.00|0.00|0.00|0.00|
|C170|4|PROD008|CONJUNTO MONTADO H|42.61|UN|48570.28|5101|60|0.00|12.00|0.00|0.00|0.00|0.00|0.00|0.00|0.00|
|C170|5|PROD004|PRODUTO ACABADO D|30.36|UN|16280.27|5101|00|15970.22|12.00|1916.43|0.00|0.00|0.00|0.00|0.00|0.00|
|C100|1|0|11223344000166|55|00|000000274|000|23012024|24012024|24074.34|17768.64|2132.24|0.00|0.00|0.00|0.00|0.00|0.00|0.00|0|99900011000155|
|C170|1|PROD003|MATERIAL BRUTO C|23.82|UN|7883.24|5403|00|7755.54|12.00|930.66|0.00|0.00|0.00|0.00|0.00|0.00|
|C170|2|PROD003|MATERIAL BRUTO C|30.57|UN|8504.32|5403|00|8319.21|12.00|998.31|0.00|0.00|0.00|0.00|0.00|0.00|
|C170|3|PROD006|EMBALAGEM PADRAO F|26.18|UN|260.01|5403|50|0.00|12.00|0.00|0.00|0.00|0.00|0.00|0.00|0.00|
|C170|4|PROD007|PARTE SOBRESSALENTE G|45.61|UN|5643.33|5403|40|0.00|12.00|0.00|0.00|0.00|0.00|0.00|0.00|0.00|
|C170|5|PROD001|PECA MECANICA TIPO A|25.32|UN|1783.44|5403|20|1693.89|12.00|203.27|0.00|0.00|0.00|0.00|0.00|0.00|
|C100|1|0|11223344000166|55|00|000000275|000|10012024|12012024|2877.31|2728.26|327.39|0.00|0.00|0.00|0.00|0.00|0.00|0.00|0|33366699000100|
|C170|1|PROD007|PARTE SOBRESSALENTE G|13.78|UN|1386.67|5403|20|1249.03|12.00|149.88|0.00|0.00|0.00|0.00|0.00|0.00|
|C170|2|PROD003|MATERIAL BRUTO C|6.94|UN|1490.64|5403|00|1479.23|12.00|177.51|0.00|0.00|0.00|0.00|0.00|0.00|
|C100|1|0|11223344000166|55|00|000000276|000|05012024|06012024|24203.38|0.00|0.00|0.00|0.00|0.00|0.00|0.00|0.00|0.00|0|33366699000100|
|C170|1|PROD008|CONJUNTO MONTADO H|31.63|UN|24203.38|6102|60|0.00|12.00|0.00|0.00|0.00|0.00|0.00|0.00|0.00|
|C100|1|0|11223344000166|55|00|000000277|000|12012024|12012024|62111.31|57106.90|6852.83|0.00|0.00|0.00|0.00|0.00|0.00|0.00|0|99900011000155|
|C170|1|PROD004|PRODUTO ACABADO D|28.48|UN|19871.86|5102|00|18849.97|12.00|2262.00|0.00|0.00|0.00|0.00|0.00|0.00|
|C170|2|PROD008|CONJUNTO MONTADO H|48.97|UN|42239.45|5102|00|38256.93|12.00|4590.83|0.00|0.00|0.00|0.00|0.00|0.00|
|C100|1|0|11223344000166|55|00|000000278|000|08012024|10012024|2191.69|1836.51|220.38|0.00|0.00|0.00|0.00|0.00|0.00|0.00|0|55512312300010|
|C170|1|PROD002|COMPONENTE ELETRICO B|29.19|UN|2153.28|6102|10|1836.51|12.00|220.38|0.00|0.00|0.00|0.00|0.00|0.00|
|C170|2|PROD006|EMBALAGEM PADRAO F|4.92|UN|38.41|6102|40|0.00|12.00|0.00|0.00|0.00|0.00|0.00|0.00|0.00|
|C100|1|0|11223344000166|55|00|000000279|000|27012024|27012024|1534.22|1369.74|164.37|0.00|0.00|0.00|0.00|0.00|0.00|0.00|0|55512312300010|
|C170|1|PROD007|PARTE SOBRESSALENTE G|3.64|UN|431.11|6102|00|372.84|12.00|44.74|0.00|0.00|0.00|0.00|0.00|0.00|
|C170|2|PROD003|MATERIAL BRUTO C|4.86|UN|1103.11|6102|00|996.90|12.00|119.63|0.00|0.00|0.00|0.00|0.00|0.00|
|C100|1|0|11223344000166|55|00|000000280|000|23012024|25012024|14675.99|1478.26|177.39|0.00|0.00|0.00|0.00|0.00|0.00|0.00|0|33366699000100|
|C170|1|PROD008|CONJUNTO MONTADO H|7.00|UN|9499.07|6102|41|0.00|12.00|0.00|0.00|0.00|0.00|0.00|0.00|0.00|
|C170|2|PROD007|PARTE SOBRESSALENTE G|12.36|UN|1622.73|6102|00|1478.26|12.00|177.39|0.00|0.00|0.00|0.00|0.00|0.00|
|C170|3|PROD007|PARTE SOBRESSALENTE G|35.20|UN|3554.19|6102|30|0.00|12.00|0.00|0.00|0.00|0.00|0.00|0.00|0.00|
|C100|1|0|11223344000166|55|00|000000281|000|12012024|15012024|21020.14|20804.77|2496.57|0.00|0.00|0.00|0.00|0.00|0.00|0.00|0|22244466000133|
|C170|1|PROD008|CONJUNTO MONTADO H|19.21|UN|21020.14|6101|20|20804.77|12.00|2496.57|0.00|0.00|0.00|0.00|0.00|0.00|
|C100|1|0|11223344000166|55|00|000000282|000|11012024|11012024|14569.55|1190.28|142.83|0.00|0.00|0.00|0.00|0.00|0.00|0.00|0|33366699000100|
|C170|1|PROD007|PARTE SOBRESSALENTE G|8.55|UN|1210.13|5403|20|1190.28|12.00|142.83|0.00|0.00|0.00|0.00|0.00|0.00|
|C170|2|PROD004|PRODUTO ACABADO D|24.53|UN|13359.42|5403|70|0.00|12.00|0.00|0.00|0.00|0.00|0.00|0.00|0.00|
|C100|1|0|11223344000166|55|00|000000283|000|29012024|30012024|27167.93|24220.43|2906.45|0.00|0.00|0.00|0.00|0.00|0.00|0.00|0|77788899000177|
|C170|1|PROD005|INSUMO INDUSTRIAL E|34.85|UN|790.16|6102|00|683.35|12.00|82.00|0.00|0.00|0.00|0.00|0.00|0.00|
|C170|2|PROD008|CONJUNTO MONTADO H|20.87|UN|26377.77|6102|00|23537.08|12.00|2824.45|0.00|0.00|0.00|0.00|0.00|0.00|
|C100|1|0|11223344000166|55|00|000000284|000|29012024|29012024|1142.75|0.00|0.00|0.00|0.00|0.00|0.00|0.00|0.00|0.00|0|33366699000100|
|C170|1|PROD007|PARTE SOBRESSALENTE G|14.14|UN|1142.75|6101|30|0.00|12.00|0.00|0.00|0.00|0.00|0.00|0.00|0.00|
|C100|1|0|11223344000166|55|00|000000285|000|17012024|17012024|15609.62|170.19|20.42|0.00|0.00|0.00|0.00|0.00|0.00|0.00|0|77788899000177|
|C170|1|PROD003|MATERIAL BRUTO C|20.50|UN|4428.16|6102|40|0.00|12.00|0.00|0.00|0.00|0.00|0.00|0.00|0.00|
|C170|2|PROD002|COMPONENTE ELETRICO B|2.83|UN|182.75|6102|20|170.19|12.00|20.42|0.00|0.00|0.00|0.00|0.00|0.00|
|C170|3|PROD007|PARTE SOBRESSALENTE G|29.99|UN|3188.41|6102|40|0.00|12.00|0.00|0.00|0.00|0.00|0.00|0.00|0.00|
|C170|4|PROD008|CONJUNTO MONTADO H|4.91|UN|3781.56|6102|40|0.00|12.00|0.00|0.00|0.00|0.00|0.00|0.00|0.00|
|C170|5|PROD007|PARTE SOBRESSALENTE G|25.48|UN|4028.74|6102|40|0.00|12.00|0.00|0.00|0.00|0.00|0.00|0.00|0.00|
|C100|1|0|11223344000166|55|00|000000286|000|15012024|15012024|79055.83|0.00|0.00|0.00|0.00|0.00|0.00|0.00|0.00|0.00|0|99900011000155|
|C170|1|PROD008|CONJUNTO MONTADO H|42.53|UN|31777.36|5401|60|0.00|12.00|0.00|0.00|0.00|0.00|0.00|0.00|0.00|
|C170|2|PROD006|EMBALAGEM PADRAO F|22.25|UN|118.79|5401|40|0.00|12.00|0.00|0.00|0.00|0.00|0.00|0.00|0.00|
|C170|3|PROD008|CONJUNTO MONTADO H|45.07|UN|45128.14|5401|50|0.00|12.00|0.00|0.00|0.00|0.00|0.00|0.00|0.00|
|C170|4|PROD001|PECA MECANICA TIPO A|27.80|UN|2031.54|5401|40|0.00|12.00|0.00|0.00|0.00|0.00|0.00|0.00|0.00|
|C100|1|0|11223344000166|55|00|000000287|000|06012024|06012024|22897.38|16910.76|2029.29|0.00|0.00|0.00|0.00|0.00|0.00|0.00|0|99900011000155|
|C170|1|PROD008|CONJUNTO MONTADO H|15.65|UN|11613.99|5102|51|10459.27|12.00|1255.11|0.00|0.00|0.00|0.00|0.00|0.00|
|C170|2|PROD007|PARTE SOBRESSALENTE G|46.08|UN|7127.50|5102|00|6451.49|12.00|774.18|0.00|0.00|0.00|0.00|0.00|0.00|
|C170|3|PROD002|COMPONENTE ELETRICO B|1.89|UN|110.03|5102|40|0.00|12.00|0.00|0.00|0.00|0.00|0.00|0.00|0.00|
|C170|4|PROD005|INSUMO INDUSTRIAL E|17.66|UN|315.18|5102|40|0.00|12.00|0.00|0.00|0.00|0.00|0.00|0.00|0.00|
|C170|5|PROD004|PRODUTO ACABADO D|5.46|UN|3730.68|5102|41|0.00|12.00|0.00|0.00|0.00|0.00|0.00|0.00|0.00|
|C100|1|0|11223344000166|55|00|000000288|000|28012024|31012024|9679.24|8282.32|993.88|0.00|0.00|0.00|0.00|0.00|0.00|0.00|0|22244466000133|
|C170|1|PROD005|INSUMO INDUSTRIAL E|6.72|UN|146.56|5102|60|0.00|12.00|0.00|0.00|0.00|0.00|0.00|0.00|0.00|
|C170|2|PROD001|PECA MECANICA TIPO A|43.35|UN|3542.10|5102|20|3063.99|12.00|367.68|0.00|0.00|0.00|0.00|0.00|0.00|
|C170|3|PROD007|PARTE SOBRESSALENTE G|47.65|UN|5990.58|5102|00|5218.33|12.00|626.20|0.00|0.00|0.00|0.00|0.00|0.00|
|C100|1|0|11223344000166|55|00|000000289|000|26012024|27012024|39945.97|37308.21|4476.98|0.00|0.00|0.00|0.00|0.00|0.00|0.00|0|55512312300010|
|C170|1|PROD008|CONJUNTO MONTADO H|31.04|UN|38655.66|6102|10|36444.35|12.00|4373.32|0.00|0.00|0.00|0.00|0.00|0.00|
|C170|2|PROD006|EMBALAGEM PADRAO F|23.63|UN|277.92|6102|50|0.00|12.00|0.00|0.00|0.00|0.00|0.00|0.00|0.00|
|C170|3|PROD005|INSUMO INDUSTRIAL E|32.12|UN|1012.39|6102|10|863.86|12.00|103.66|0.00|0.00|0.00|0.00|0.00|0.00|
|C100|1|0|11223344000166|55|00|000000290|000|14012024|16012024|63.83|0.00|0.00|0.00|0.00|0.00|0.00|0.00|0.00|0.00|0|55512312300010|
|C170|1|PROD006|EMBALAGEM PADRAO F|9.25|UN|63.83|5401|40|0.00|12.00|0.00|0.00|0.00|0.00|0.00|0.00|0.00|
|C100|1|0|11223344000166|55|00|000000291|000|06012024|07012024|2467.60|2049.11|245.88|0.00|0.00|0.00|0.00|0.00|0.00|0.00|0|55512312300010|
|C170|1|PROD007|PARTE SOBRESSALENTE G|10.95|UN|976.69|6101|00|898.37|12.00|107.80|0.00|0.00|0.00|0.00|0.00|0.00|
|C170|2|PROD005|INSUMO INDUSTRIAL E|47.42|UN|777.28|6101|00|706.87|12.00|84.82|0.00|0.00|0.00|0.00|0.00|0.00|
|C170|3|PROD006|EMBALAGEM PADRAO F|35.26|UN|221.77|6101|60|0.00|12.00|0.00|0.00|0.00|0.00|0.00|0.00|0.00|
|C170|4|PROD002|COMPONENTE ELETRICO B|8.07|UN|491.86|6101|00|443.87|12.00|53.26|0.00|0.00|0.00|0.00|0.00|0.00|
|C100|1|0|11223344000166|55|00|000000292|000|26012024|28012024|27057.91|205.79|24.69|0.00|0.00|0.00|0.00|0.00|0.00|0.00|0|99900011000155|
|C170|1|PROD004|PRODUTO ACABADO D|42.97|UN|25593.29|5102|40|0.00|12.00|0.00|0.00|0.00|0.00|0.00|0.00|0.00|
|C170|2|PROD001|PECA MECANICA TIPO A|7.34|UN|779.17|5102|41|0.00|12.00|0.00|0.00|0.00|0.00|0.00|0.00|0.00|
|C170|3|PROD001|PECA MECANICA TIPO A|2.97|UN|230.93|5102|10|205.79|12.00|24.69|0.00|0.00|0.00|0.00|0.00|0.00|
|C170|4|PROD005|INSUMO INDUSTRIAL E|29.51|UN|454.52|5102|70|0.00|12.00|0.00|0.00|0.00|0.00|0.00|0.00|0.00|
|C100|1|0|11223344000166|55|00|000000293|000|07012024|07012024|23625.26|20456.26|2454.76|0.00|0.00|0.00|0.00|0.00|0.00|0.00|0|22244466000133|
|C170|1|PROD003|MATERIAL BRUTO C|39.63|UN|12021.76|5102|00|11132.05|12.00|1335.85|0.00|0.00|0.00|0.00|0.00|0.00|
|C170|2|PROD002|COMPONENTE ELETRICO B|35.46|UN|1461.31|5102|40|0.00|12.00|0.00|0.00|0.00|0.00|0.00|0.00|0.00|
|C170|3|PROD007|PARTE SOBRESSALENTE G|28.48|UN|2594.07|5102|00|2252.83|12.00|270.34|0.00|0.00|0.00|0.00|0.00|0.00|
|C170|4|PROD003|MATERIAL BRUTO C|22.66|UN|7548.12|5102|00|7071.38|12.00|848.57|0.00|0.00|0.00|0.00|0.00|0.00|
|C100|1|0|11223344000166|55|00|000000294|000|16012024|17012024|7341.50|6876.22|825.15|0.00|0.00|0.00|0.00|0.00|0.00|0.00|0|22244466000133|
|C170|1|PROD002|COMPONENTE ELETRICO B|45.59|UN|3717.36|6101|20|3688.01|12.00|442.56|0.00|0.00|0.00|0.00|0.00|0.00|
|C170|2|PROD006|EMBALAGEM PADRAO F|48.10|UN|392.46|6101|40|0.00|12.00|0.00|0.00|0.00|0.00|0.00|0.00|0.00|
|C170|3|PROD007|PARTE SOBRESSALENTE G|39.25|UN|3231.68|6101|00|3188.21|12.00|382.59|0.00|0.00|0.00|0.00|0.00|0.00|
|C100|1|0|11223344000166|55|00|000000295|000|01012024|02012024|67587.05|57398.40|6887.80|0.00|0.00|0.00|0.00|0.00|0.00|0.00|0|77788899000177|
|C170|1|PROD008|CONJUNTO MONTADO H|46.03|UN|57888.71|6102|00|54081.20|12.00|6489.74|0.00|0.00|0.00|0.00|0.00|0.00|
|C170|2|PROD005|INSUMO INDUSTRIAL E|43.91|UN|1222.98|6102|51|1097.50|12.00|131.70|0.00|0.00|0.00|0.00|0.00|0.00|
|C170|3|PROD002|COMPONENTE ELETRICO B|9.24|UN|655.54|6102|40|0.00|12.00|0.00|0.00|0.00|0.00|0.00|0.00|0.00|
|C170|4|PROD002|COMPONENTE ELETRICO B|49.24|UN|2245.48|6102|00|2219.70|12.00|266.36|0.00|0.00|0.00|0.00|0.00|0.00|
|C170|5|PROD004|PRODUTO ACABADO D|7.19|UN|5574.34|6102|50|0.00|12.00|0.00|0.00|0.00|0.00|0.00|0.00|0.00|
|C100|1|0|11223344000166|55|00|000000296|000|01012024|02012024|9915.96|7882.85|945.95|0.00|0.00|0.00|0.00|0.00|0.00|0.00|0|55512312300010|
|C170|1|PROD006|EMBALAGEM PADRAO F|49.95|UN|368.64|5403|41|0.00|12.00|0.00|0.00|0.00|0.00|0.00|0.00|0.00|
|C170|2|PROD003|MATERIAL BRUTO C|36.94|UN|8203.42|5403|00|7697.96|12.00|923.76|0.00|0.00|0.00|0.00|0.00|0.00|
|C170|3|PROD001|PECA MECANICA TIPO A|11.55|UN|1136.57|5403|30|0.00|12.00|0.00|0.00|0.00|0.00|0.00|0.00|0.00|
|C170|4|PROD005|INSUMO INDUSTRIAL E|6.98|UN|207.33|5403|00|184.89|12.00|22.19|0.00|0.00|0.00|0.00|0.00|0.00|
|C100|1|0|11223344000166|55|00|000000297|000|30012024|02022024|8584.33|1227.13|147.26|0.00|0.00|0.00|0.00|0.00|0.00|0.00|0|55512312300010|
|C170|1|PROD007|PARTE SOBRESSALENTE G|44.18|UN|6830.25|5101|40|0.00|12.00|0.00|0.00|0.00|0.00|0.00|0.00|0.00|
|C170|2|PROD007|PARTE SOBRESSALENTE G|16.05|UN|1316.10|5101|51|1227.13|12.00|147.26|0.00|0.00|0.00|0.00|0.00|0.00|
|C170|3|PROD006|EMBALAGEM PADRAO F|46.30|UN|437.98|5101|40|0.00|12.00|0.00|0.00|0.00|0.00|0.00|0.00|0.00|
|C100|1|0|11223344000166|55|00|000000298|000|18012024|21012024|25172.75|1472.96|176.76|0.00|0.00|0.00|0.00|0.00|0.00|0.00|0|99900011000155|
|C170|1|PROD008|CONJUNTO MONTADO H|14.73|UN|15995.58|6101|40|0.00|12.00|0.00|0.00|0.00|0.00|0.00|0.00|0.00|
|C170|2|PROD001|PECA MECANICA TIPO A|15.64|UN|1499.95|6101|00|1472.96|12.00|176.76|0.00|0.00|0.00|0.00|0.00|0.00|
|C170|3|PROD008|CONJUNTO MONTADO H|9.37|UN|7677.22|6101|30|0.00|12.00|0.00|0.00|0.00|0.00|0.00|0.00|0.00|
|C100|1|0|11223344000166|55|00|000000299|000|06012024|08012024|54480.61|19217.15|2306.06|0.00|0.00|0.00|0.00|0.00|0.00|0.00|0|33366699000100|
|C170|1|PROD004|PRODUTO ACABADO D|35.13|UN|31786.53|5101|40|0.00|12.00|0.00|0.00|0.00|0.00|0.00|0.00|0.00|
|C170|2|PROD008|CONJUNTO MONTADO H|24.79|UN|19755.88|5101|10|19217.15|12.00|2306.06|0.00|0.00|0.00|0.00|0.00|0.00|
|C170|3|PROD001|PECA MECANICA TIPO A|27.70|UN|2938.20|5101|60|0.00|12.00|0.00|0.00|0.00|0.00|0.00|0.00|0.00|
|C100|1|0|11223344000166|55|00|000000300|000|14012024|14012024|6325.40|5096.23|611.55|0.00|0.00|0.00|0.00|0.00|0.00|0.00|0|22244466000133|
|C170|1|PROD003|MATERIAL BRUTO C|2.85|UN|613.41|5102|50|0.00|12.00|0.00|0.00|0.00|0.00|0.00|0.00|0.00|
|C170|2|PROD001|PECA MECANICA TIPO A|14.25|UN|1560.67|5102|00|1456.39|12.00|174.77|0.00|0.00|0.00|0.00|0.00|0.00|
|C170|3|PROD004|PRODUTO ACABADO D|5.96|UN|4151.32|5102|20|3639.84|12.00|436.78|0.00|0.00|0.00|0.00|0.00|0.00|
|C100|1|0|11223344000166|55|00|000000301|000|01012024|04012024|12395.99|10456.13|1254.74|0.00|0.00|0.00|0.00|0.00|0.00|0.00|0|55512312300010|
|C170|1|PROD004|PRODUTO ACABADO D|19.46|UN|12261.17|6101|00|10456.13|12.00|1254.74|0.00|0.00|0.00|0.00|0.00|0.00|
|C170|2|PROD002|COMPONENTE ELETRICO B|3.31|UN|134.82|6101|41|0.00|12.00|0.00|0.00|0.00|0.00|0.00|0.00|0.00|
|C100|1|0|11223344000166|55|00|000000302|000|26012024|26012024|10222.75|7876.13|945.14|0.00|0.00|0.00|0.00|0.00|0.00|0.00|0|55512312300010|
|C170|1|PROD003|MATERIAL BRUTO C|29.67|UN|9259.13|6101|90|7876.13|12.00|945.14|0.00|0.00|0.00|0.00|0.00|0.00|
|C170|2|PROD002|COMPONENTE ELETRICO B|17.86|UN|963.62|6101|30|0.00|12.00|0.00|0.00|0.00|0.00|0.00|0.00|0.00|
|C100|1|0|11223344000166|55|00|000000303|000|10012024|11012024|22525.59|19005.57|2280.67|0.00|0.00|0.00|0.00|0.00|0.00|0.00|0|22244466000133|
|C170|1|PROD006|EMBALAGEM PADRAO F|39.77|UN|410.48|6101|60|0.00|12.00|0.00|0.00|0.00|0.00|0.00|0.00|0.00|
|C170|2|PROD006|EMBALAGEM PADRAO F|7.74|UN|65.31|6101|00|60.65|12.00|7.28|0.00|0.00|0.00|0.00|0.00|0.00|
|C170|3|PROD004|PRODUTO ACABADO D|28.23|UN|20762.03|6101|20|17795.91|12.00|2135.51|0.00|0.00|0.00|0.00|0.00|0.00|
|C170|4|PROD007|PARTE SOBRESSALENTE G|14.09|UN|1287.77|6101|00|1149.01|12.00|137.88|0.00|0.00|0.00|0.00|0.00|0.00|
|C100|1|0|11223344000166|55|00|000000304|000|24012024|26012024|126.72|113.06|13.57|0.00|0.00|0.00|0.00|0.00|0.00|0.00|0|33366699000100|
|C170|1|PROD005|INSUMO INDUSTRIAL E|4.73|UN|126.72|5403|20|113.06|12.00|13.57|0.00|0.00|0.00|0.00|0.00|0.00|
|C100|1|0|11223344000166|55|00|000000305|000|28012024|28012024|7657.04|0.00|0.00|0.00|0.00|0.00|0.00|0.00|0.00|0.00|0|77788899000177|
|C170|1|PROD008|CONJUNTO MONTADO H|2.21|UN|2564.33|5401|41|0.00|12.00|0.00|0.00|0.00|0.00|0.00|0.00|0.00|
|C170|2|PROD001|PECA MECANICA TIPO A|43.31|UN|5092.71|5401|40|0.00|12.00|0.00|0.00|0.00|0.00|0.00|0.00|0.00|
|C100|1|0|11223344000166|55|00|000000306|000|20012024|21012024|9247.47|0.00|0.00|0.00|0.00|0.00|0.00|0.00|0.00|0.00|0|33366699000100|
|C170|1|PROD004|PRODUTO ACABADO D|10.39|UN|9247.47|6101|50|0.00|12.00|0.00|0.00|0.00|0.00|0.00|0.00|0.00|
|C100|1|0|11223344000166|55|00|000000307|000|06012024|09012024|2257.45|1790.35|214.84|0.00|0.00|0.00|0.00|0.00|0.00|0.00|0|33366699000100|
|C170|1|PROD006|EMBALAGEM PADRAO F|24.98|UN|197.62|5101|60|0.00|12.00|0.00|0.00|0.00|0.00|0.00|0.00|0.00|
|C170|2|PROD002|COMPONENTE ELETRICO B|33.61|UN|2059.83|5101|00|1790.35|12.00|214.84|0.00|0.00|0.00|0.00|0.00|0.00|
|C100|1|0|11223344000166|55|00|000000308|000|26012024|26012024|9757.06|8753.19|1050.38|0.00|0.00|0.00|0.00|0.00|0.00|0.00|0|22244466000133|
|C170|1|PROD001|PECA MECANICA TIPO A|45.38|UN|4511.13|5403|10|3944.78|12.00|473.37|0.00|0.00|0.00|0.00|0.00|0.00|
|C170|2|PROD001|PECA MECANICA TIPO A|6.74|UN|442.00|5403|00|430.89|12.00|51.71|0.00|0.00|0.00|0.00|0.00|0.00|
|C170|3|PROD007|PARTE SOBRESSALENTE G|35.46|UN|4803.93|5403|20|4377.52|12.00|525.30|0.00|0.00|0.00|0.00|0.00|0.00|
|C100|1|0|11223344000166|55|00|000000309|000|07012024|10012024|9274.29|5448.59|653.83|0.00|0.00|0.00|0.00|0.00|0.00|0.00|0|22244466000133|
|C170|1|PROD001|PECA MECANICA TIPO A|18.34|UN|2134.96|5101|10|1999.90|12.00|239.99|0.00|0.00|0.00|0.00|0.00|0.00|
|C170|2|PROD001|PECA MECANICA TIPO A|35.91|UN|3352.82|5101|40|0.00|12.00|0.00|0.00|0.00|0.00|0.00|0.00|0.00|
|C170|3|PROD006|EMBALAGEM PADRAO F|16.46|UN|128.86|5101|10|114.95|12.00|13.79|0.00|0.00|0.00|0.00|0.00|0.00|
|C170|4|PROD001|PECA MECANICA TIPO A|33.34|UN|2824.23|5101|10|2587.49|12.00|310.50|0.00|0.00|0.00|0.00|0.00|0.00|
|C170|5|PROD002|COMPONENTE ELETRICO B|13.52|UN|833.42|5101|00|746.25|12.00|89.55|0.00|0.00|0.00|0.00|0.00|0.00|
|C100|1|0|11223344000166|55|00|000000310|000|04012024|07012024|22589.60|20187.72|2422.53|0.00|0.00|0.00|0.00|0.00|0.00|0.00|0|99900011000155|
|C170|1|PROD008|CONJUNTO MONTADO H|7.95|UN|6179.71|6101|90|5489.92|12.00|658.79|0.00|0.00|0.00|0.00|0.00|0.00|
|C170|2|PROD002|COMPONENTE ELETRICO B|18.30|UN|1255.65|6101|51|1120.74|12.00|134.49|0.00|0.00|0.00|0.00|0.00|0.00|
|C170|3|PROD003|MATERIAL BRUTO C|49.90|UN|15154.24|6101|00|13577.06|12.00|1629.25|0.00|0.00|0.00|0.00|0.00|0.00|
|C100|1|0|11223344000166|55|00|000000311|000|01012024|01012024|13680.19|8783.03|1053.96|0.00|0.00|0.00|0.00|0.00|0.00|0.00|0|55512312300010|
|C170|1|PROD005|INSUMO INDUSTRIAL E|25.61|UN|912.67|5401|70|0.00|12.00|0.00|0.00|0.00|0.00|0.00|0.00|0.00|
|C170|2|PROD003|MATERIAL BRUTO C|10.40|UN|2651.31|5401|41|0.00|12.00|0.00|0.00|0.00|0.00|0.00|0.00|0.00|
|C170|3|PROD005|INSUMO INDUSTRIAL E|20.62|UN|341.19|5401|40|0.00|12.00|0.00|0.00|0.00|0.00|0.00|0.00|0.00|
|C170|4|PROD007|PARTE SOBRESSALENTE G|5.20|UN|792.39|5401|20|715.54|12.00|85.86|0.00|0.00|0.00|0.00|0.00|0.00|
|C170|5|PROD003|MATERIAL BRUTO C|31.35|UN|8982.63|5401|00|8067.49|12.00|968.10|0.00|0.00|0.00|0.00|0.00|0.00|
|C100|1|0|11223344000166|55|00|000000312|000|07012024|09012024|405.62|0.00|0.00|0.00|0.00|0.00|0.00|0.00|0.00|0.00|0|99900011000155|
|C170|1|PROD005|INSUMO INDUSTRIAL E|25.40|UN|405.62|5101|60|0.00|12.00|0.00|0.00|0.00|0.00|0.00|0.00|0.00|
|C100|1|0|11223344000166|55|00|000000313|000|02012024|03012024|30913.79|18802.45|2256.29|0.00|0.00|0.00|0.00|0.00|0.00|0.00|0|33366699000100|
|C170|1|PROD008|CONJUNTO MONTADO H|22.06|UN|19693.19|5401|00|18802.45|12.00|2256.29|0.00|0.00|0.00|0.00|0.00|0.00|
|C170|2|PROD003|MATERIAL BRUTO C|44.61|UN|10095.25|5401|40|0.00|12.00|0.00|0.00|0.00|0.00|0.00|0.00|0.00|
|C170|3|PROD002|COMPONENTE ELETRICO B|34.73|UN|1125.35|5401|40|0.00|12.00|0.00|0.00|0.00|0.00|0.00|0.00|0.00|
|C100|1|0|11223344000166|55|00|000000314|000|19012024|21012024|49949.28|42617.04|5114.04|0.00|0.00|0.00|0.00|0.00|0.00|0.00|0|33366699000100|
|C170|1|PROD008|CONJUNTO MONTADO H|39.81|UN|47324.13|5101|00|42617.04|12.00|5114.04|0.00|0.00|0.00|0.00|0.00|0.00|
|C170|2|PROD001|PECA MECANICA TIPO A|29.09|UN|2625.15|5101|50|0.00|12.00|0.00|0.00|0.00|0.00|0.00|0.00|0.00|
|C100|1|0|11223344000166|55|00|000000315|000|19012024|20012024|601.60|593.41|71.21|0.00|0.00|0.00|0.00|0.00|0.00|0.00|0|33366699000100|
|C170|1|PROD005|INSUMO INDUSTRIAL E|22.53|UN|601.60|5401|10|593.41|12.00|71.21|0.00|0.00|0.00|0.00|0.00|0.00|
|C100|1|0|11223344000166|55|00|000000316|000|13012024|13012024|9492.50|5684.91|682.18|0.00|0.00|0.00|0.00|0.00|0.00|0.00|0|77788899000177|
|C170|1|PROD001|PECA MECANICA TIPO A|33.86|UN|2051.12|5101|10|1908.76|12.00|229.05|0.00|0.00|0.00|0.00|0.00|0.00|
|C170|2|PROD006|EMBALAGEM PADRAO F|20.45|UN|227.60|5101|00|221.68|12.00|26.60|0.00|0.00|0.00|0.00|0.00|0.00|
|C170|3|PROD007|PARTE SOBRESSALENTE G|35.73|UN|3204.53|5101|40|0.00|12.00|0.00|0.00|0.00|0.00|0.00|0.00|0.00|
|C170|4|PROD002|COMPONENTE ELETRICO B|41.34|UN|2727.89|5101|10|2446.19|12.00|293.54|0.00|0.00|0.00|0.00|0.00|0.00|
|C170|5|PROD005|INSUMO INDUSTRIAL E|43.10|UN|1281.36|5101|51|1108.28|12.00|132.99|0.00|0.00|0.00|0.00|0.00|0.00|
|C100|1|0|11223344000166|55|00|000000317|000|29012024|01022024|34388.39|28539.44|3424.74|0.00|0.00|0.00|0.00|0.00|0.00|0.00|0|33366699000100|
|C170|1|PROD008|CONJUNTO MONTADO H|1.71|UN|1343.17|6101|00|1309.46|12.00|157.14|0.00|0.00|0.00|0.00|0.00|0.00|
|C170|2|PROD004|PRODUTO ACABADO D|44.37|UN|29639.37|6101|51|26805.21|12.00|3216.63|0.00|0.00|0.00|0.00|0.00|0.00|
|C170|3|PROD001|PECA MECANICA TIPO A|31.73|UN|2916.25|6101|60|0.00|12.00|0.00|0.00|0.00|0.00|0.00|0.00|0.00|
|C170|4|PROD002|COMPONENTE ELETRICO B|11.96|UN|489.60|6101|00|424.77|12.00|50.97|0.00|0.00|0.00|0.00|0.00|0.00|
|C100|1|0|11223344000166|55|00|000000318|000|24012024|25012024|5102.41|0.00|0.00|0.00|0.00|0.00|0.00|0.00|0.00|0.00|0|55512312300010|
|C170|1|PROD003|MATERIAL BRUTO C|19.60|UN|5061.05|5401|50|0.00|12.00|0.00|0.00|0.00|0.00|0.00|0.00|0.00|
|C170|2|PROD006|EMBALAGEM PADRAO F|6.45|UN|41.36|5401|40|0.00|12.00|0.00|0.00|0.00|0.00|0.00|0.00|0.00|
|C100|1|0|11223344000166|55|00|000000319|000|06012024|06012024|18967.66|473.76|56.85|0.00|0.00|0.00|0.00|0.00|0.00|0.00|0|22244466000133|
|C170|1|PROD005|INSUMO INDUSTRIAL E|13.64|UN|485.44|5401|00|473.76|12.00|56.85|0.00|0.00|0.00|0.00|0.00|0.00|
|C170|2|PROD008|CONJUNTO MONTADO H|15.28|UN|18482.22|5401|40|0.00|12.00|0.00|0.00|0.00|0.00|0.00|0.00|0.00|
|C100|1|0|11223344000166|55|00|000000320|000|11012024|13012024|73303.82|64628.91|7755.47|0.00|0.00|0.00|0.00|0.00|0.00|0.00|0|55512312300010|
|C170|1|PROD003|MATERIAL BRUTO C|4.02|UN|1093.43|6101|30|0.00|12.00|0.00|0.00|0.00|0.00|0.00|0.00|0.00|
|C170|2|PROD008|CONJUNTO MONTADO H|46.15|UN|59774.40|6101|00|52920.36|12.00|6350.44|0.00|0.00|0.00|0.00|0.00|0.00|
|C170|3|PROD003|MATERIAL BRUTO C|48.07|UN|11378.15|6101|20|10732.82|12.00|1287.94|0.00|0.00|0.00|0.00|0.00|0.00|
|C170|4|PROD005|INSUMO INDUSTRIAL E|4.09|UN|110.21|6101|00|94.16|12.00|11.30|0.00|0.00|0.00|0.00|0.00|0.00|
|C170|5|PROD004|PRODUTO ACABADO D|1.16|UN|947.63|6101|10|881.57|12.00|105.79|0.00|0.00|0.00|0.00|0.00|0.00|
|C100|1|0|11223344000166|55|00|000000321|000|31012024|02022024|44466.53|3868.34|464.20|0.00|0.00|0.00|0.00|0.00|0.00|0.00|0|33366699000100|
|C170|1|PROD006|EMBALAGEM PADRAO F|40.66|UN|228.48|5401|00|228.43|12.00|27.41|0.00|0.00|0.00|0.00|0.00|0.00|
|C170|2|PROD005|INSUMO INDUSTRIAL E|17.68|UN|513.90|5401|40|0.00|12.00|0.00|0.00|0.00|0.00|0.00|0.00|0.00|
|C170|3|PROD005|INSUMO INDUSTRIAL E|46.20|UN|698.59|5401|50|0.00|12.00|0.00|0.00|0.00|0.00|0.00|0.00|0.00|
|C170|4|PROD008|CONJUNTO MONTADO H|3.05|UN|3714.73|5401|00|3639.91|12.00|436.79|0.00|0.00|0.00|0.00|0.00|0.00|
|C170|5|PROD008|CONJUNTO MONTADO H|28.71|UN|39310.83|5401|40|0.00|12.00|0.00|0.00|0.00|0.00|0.00|0.00|0.00|
|C100|1|0|11223344000166|55|00|000000322|000|13012024|14012024|26555.18|22565.65|2707.88|0.00|0.00|0.00|0.00|0.00|0.00|0.00|0|33366699000100|
|C170|1|PROD004|PRODUTO ACABADO D|30.49|UN|21164.11|5403|00|19637.33|12.00|2356.48|0.00|0.00|0.00|0.00|0.00|0.00|
|C170|2|PROD002|COMPONENTE ELETRICO B|13.11|UN|785.91|5403|20|704.30|12.00|84.52|0.00|0.00|0.00|0.00|0.00|0.00|
|C170|3|PROD008|CONJUNTO MONTADO H|2.13|UN|2490.22|5403|00|2224.02|12.00|266.88|0.00|0.00|0.00|0.00|0.00|0.00|
|C170|4|PROD002|COMPONENTE ELETRICO B|42.54|UN|2114.94|5403|50|0.00|12.00|0.00|0.00|0.00|0.00|0.00|0.00|0.00|
|C100|1|0|11223344000166|55|00|000000323|000|29012024|30012024|25432.89|0.00|0.00|0.00|0.00|0.00|0.00|0.00|0.00|0.00|0|77788899000177|
|C170|1|PROD002|COMPONENTE ELETRICO B|41.51|UN|3007.87|6101|60|0.00|12.00|0.00|0.00|0.00|0.00|0.00|0.00|0.00|
|C170|2|PROD004|PRODUTO ACABADO D|27.10|UN|20197.83|6101|41|0.00|12.00|0.00|0.00|0.00|0.00|0.00|0.00|0.00|
|C170|3|PROD002|COMPONENTE ELETRICO B|44.33|UN|2227.19|6101|40|0.00|12.00|0.00|0.00|0.00|0.00|0.00|0.00|0.00|
|C100|1|0|11223344000166|55|00|000000324|000|01012024|03012024|3424.91|3366.59|403.99|0.00|0.00|0.00|0.00|0.00|0.00|0.00|0|22244466000133|
|C170|1|PROD005|INSUMO INDUSTRIAL E|15.95|UN|439.31|5101|00|391.90|12.00|47.03|0.00|0.00|0.00|0.00|0.00|0.00|
|C170|2|PROD004|PRODUTO ACABADO D|4.85|UN|2985.60|5101|20|2974.69|12.00|356.96|0.00|0.00|0.00|0.00|0.00|0.00|
|C100|1|0|11223344000166|55|00|000000325|000|20012024|21012024|17515.65|15223.46|1826.81|0.00|0.00|0.00|0.00|0.00|0.00|0.00|0|77788899000177|
|C170|1|PROD008|CONJUNTO MONTADO H|3.18|UN|3437.73|5401|10|3312.79|12.00|397.53|0.00|0.00|0.00|0.00|0.00|0.00|
|C170|2|PROD002|COMPONENTE ELETRICO B|13.14|UN|972.04|5401|40|0.00|12.00|0.00|0.00|0.00|0.00|0.00|0.00|0.00|
|C170|3|PROD003|MATERIAL BRUTO C|41.00|UN|13105.88|5401|10|11910.67|12.00|1429.28|0.00|0.00|0.00|0.00|0.00|0.00|
|C100|1|0|11223344000166|55|00|000000326|000|28012024|31012024|12793.87|10875.13|1305.02|0.00|0.00|0.00|0.00|0.00|0.00|0.00|0|77788899000177|
|C170|1|PROD006|EMBALAGEM PADRAO F|46.20|UN|472.12|5102|40|0.00|12.00|0.00|0.00|0.00|0.00|0.00|0.00|0.00|
|C170|2|PROD002|COMPONENTE ELETRICO B|24.07|UN|1191.75|5102|00|1077.32|12.00|129.28|0.00|0.00|0.00|0.00|0.00|0.00|
|C170|3|PROD001|PECA MECANICA TIPO A|36.12|UN|3599.94|5102|00|3163.68|12.00|379.64|0.00|0.00|0.00|0.00|0.00|0.00|
|C170|4|PROD002|COMPONENTE ELETRICO B|6.97|UN|452.71|5102|60|0.00|12.00|0.00|0.00|0.00|0.00|0.00|0.00|0.00|
|C170|5|PROD003|MATERIAL BRUTO C|21.16|UN|7077.35|5102|10|6634.13|12.00|796.10|0.00|0.00|0.00|0.00|0.00|0.00|
|C100|1|0|11223344000166|55|00|000000327|000|20012024|22012024|1267.05|1261.55|151.39|0.00|0.00|0.00|0.00|0.00|0.00|0.00|0|22244466000133|
|C170|1|PROD007|PARTE SOBRESSALENTE G|9.65|UN|1267.05|6101|00|1261.55|12.00|151.39|0.00|0.00|0.00|0.00|0.00|0.00|
|C100|1|0|11223344000166|55|00|000000328|000|17012024|18012024|13689.99|10141.42|1216.97|0.00|0.00|0.00|0.00|0.00|0.00|0.00|0|33366699000100|
|C170|1|PROD001|PECA MECANICA TIPO A|32.07|UN|3003.58|5403|40|0.00|12.00|0.00|0.00|0.00|0.00|0.00|0.00|0.00|
|C170|2|PROD006|EMBALAGEM PADRAO F|6.42|UN|64.67|5403|10|57.98|12.00|6.96|0.00|0.00|0.00|0.00|0.00|0.00|
|C170|3|PROD003|MATERIAL BRUTO C|22.83|UN|5115.76|5403|00|4764.60|12.00|571.75|0.00|0.00|0.00|0.00|0.00|0.00|
|C170|4|PROD001|PECA MECANICA TIPO A|49.87|UN|5505.98|5403|00|5318.84|12.00|638.26|0.00|0.00|0.00|0.00|0.00|0.00|
|C100|1|0|11223344000166|55|00|000000329|000|15012024|15012024|31204.32|25188.11|3022.57|0.00|0.00|0.00|0.00|0.00|0.00|0.00|0|33366699000100|
|C170|1|PROD008|CONJUNTO MONTADO H|29.98|UN|28902.84|6101|20|25188.11|12.00|3022.57|0.00|0.00|0.00|0.00|0.00|0.00|
|C170|2|PROD001|PECA MECANICA TIPO A|26.09|UN|2301.48|6101|40|0.00|12.00|0.00|0.00|0.00|0.00|0.00|0.00|0.00|
|C100|1|0|11223344000166|55|00|000000330|000|09012024|11012024|57761.66|52870.81|6344.50|0.00|0.00|0.00|0.00|0.00|0.00|0.00|0|99900011000155|
|C170|1|PROD008|CONJUNTO MONTADO H|32.32|UN|34091.85|6102|00|30824.60|12.00|3698.95|0.00|0.00|0.00|0.00|0.00|0.00|
|C170|2|PROD008|CONJUNTO MONTADO H|30.98|UN|23669.81|6102|00|22046.21|12.00|2645.55|0.00|0.00|0.00|0.00|0.00|0.00|
|C100|1|0|11223344000166|55|00|000000331|000|19012024|21012024|8989.97|3061.79|367.41|0.00|0.00|0.00|0.00|0.00|0.00|0.00|0|99900011000155|
|C170|1|PROD001|PECA MECANICA TIPO A|49.58|UN|5611.01|5101|41|0.00|12.00|0.00|0.00|0.00|0.00|0.00|0.00|0.00|
|C170|2|PROD007|PARTE SOBRESSALENTE G|32.28|UN|3378.96|5101|20|3061.79|12.00|367.41|0.00|0.00|0.00|0.00|0.00|0.00|
|C100|1|0|11223344000166|55|00|000000332|000|25012024|26012024|3986.87|1494.49|179.34|0.00|0.00|0.00|0.00|0.00|0.00|0.00|0|22244466000133|
|C170|1|PROD001|PECA MECANICA TIPO A|24.00|UN|1708.76|5403|00|1494.49|12.00|179.34|0.00|0.00|0.00|0.00|0.00|0.00|
|C170|2|PROD005|INSUMO INDUSTRIAL E|43.31|UN|1542.56|5403|40|0.00|12.00|0.00|0.00|0.00|0.00|0.00|0.00|0.00|
|C170|3|PROD007|PARTE SOBRESSALENTE G|8.99|UN|735.55|5403|41|0.00|12.00|0.00|0.00|0.00|0.00|0.00|0.00|0.00|
|C100|1|0|11223344000166|55|00|000000333|000|04012024|05012024|64869.18|62873.45|7544.81|0.00|0.00|0.00|0.00|0.00|0.00|0.00|0|77788899000177|
|C170|1|PROD008|CONJUNTO MONTADO H|26.20|UN|32661.39|5101|90|32304.92|12.00|3876.59|0.00|0.00|0.00|0.00|0.00|0.00|
|C170|2|PROD008|CONJUNTO MONTADO H|31.85|UN|32207.79|5101|90|30568.53|12.00|3668.22|0.00|0.00|0.00|0.00|0.00|0.00|
|C100|1|0|11223344000166|55|00|000000334|000|20012024|23012024|5703.98|0.00|0.00|0.00|0.00|0.00|0.00|0.00|0.00|0.00|0|55512312300010|
|C170|1|PROD006|EMBALAGEM PADRAO F|13.97|UN|105.59|6102|30|0.00|12.00|0.00|0.00|0.00|0.00|0.00|0.00|0.00|
|C170|2|PROD003|MATERIAL BRUTO C|23.83|UN|5598.39|6102|41|0.00|12.00|0.00|0.00|0.00|0.00|0.00|0.00|0.00|
|C100|1|0|11223344000166|55|00|000000335|000|03012024|05012024|4559.04|4183.84|502.06|0.00|0.00|0.00|0.00|0.00|0.00|0.00|0|99900011000155|
|C170|1|PROD007|PARTE SOBRESSALENTE G|30.96|UN|3671.93|5401|00|3322.17|12.00|398.66|0.00|0.00|0.00|0.00|0.00|0.00|
|C170|2|PROD005|INSUMO INDUSTRIAL E|29.68|UN|887.11|5401|10|861.67|12.00|103.40|0.00|0.00|0.00|0.00|0.00|0.00|
|C100|1|0|11223344000166|55|00|000000336|000|27012024|29012024|19647.13|14271.67|1712.60|0.00|0.00|0.00|0.00|0.00|0.00|0.00|0|33366699000100|
|C170|1|PROD007|PARTE SOBRESSALENTE G|36.71|UN|4410.59|5102|60|0.00|12.00|0.00|0.00|0.00|0.00|0.00|0.00|0.00|
|C170|2|PROD003|MATERIAL BRUTO C|46.73|UN|15236.54|5102|51|14271.67|12.00|1712.60|0.00|0.00|0.00|0.00|0.00|0.00|
|C100|1|0|11223344000166|55|00|000000337|000|20012024|23012024|10202.19|9632.01|1155.84|0.00|0.00|0.00|0.00|0.00|0.00|0.00|0|77788899000177|
|C170|1|PROD002|COMPONENTE ELETRICO B|43.39|UN|1864.21|5403|00|1761.27|12.00|211.35|0.00|0.00|0.00|0.00|0.00|0.00|
|C170|2|PROD003|MATERIAL BRUTO C|37.57|UN|8337.98|5403|00|7870.74|12.00|944.49|0.00|0.00|0.00|0.00|0.00|0.00|
|C100|1|0|11223344000166|55|00|000000338|000|03012024|05012024|9168.07|6370.41|764.44|0.00|0.00|0.00|0.00|0.00|0.00|0.00|0|22244466000133|
|C170|1|PROD007|PARTE SOBRESSALENTE G|41.69|UN|4645.82|5401|20|3998.12|12.00|479.77|0.00|0.00|0.00|0.00|0.00|0.00|
|C170|2|PROD002|COMPONENTE ELETRICO B|18.05|UN|961.47|5401|50|0.00|12.00|0.00|0.00|0.00|0.00|0.00|0.00|0.00|
|C170|3|PROD005|INSUMO INDUSTRIAL E|24.16|UN|881.78|5401|40|0.00|12.00|0.00|0.00|0.00|0.00|0.00|0.00|0.00|
|C170|4|PROD003|MATERIAL BRUTO C|11.05|UN|2679.00|5401|20|2372.29|12.00|284.67|0.00|0.00|0.00|0.00|0.00|0.00|
|C100|1|0|11223344000166|55|00|000000339|000|07012024|10012024|26265.84|24338.85|2920.66|0.00|0.00|0.00|0.00|0.00|0.00|0.00|0|55512312300010|
|C170|1|PROD008|CONJUNTO MONTADO H|33.72|UN|24878.47|5403|10|23054.98|12.00|2766.60|0.00|0.00|0.00|0.00|0.00|0.00|
|C170|2|PROD005|INSUMO INDUSTRIAL E|41.56|UN|1387.37|5403|10|1283.87|12.00|154.06|0.00|0.00|0.00|0.00|0.00|0.00|
|C100|1|0|11223344000166|55|00|000000340|000|11012024|12012024|13135.91|12330.48|1479.66|0.00|0.00|0.00|0.00|0.00|0.00|0.00|0|55512312300010|
|C170|1|PROD006|EMBALAGEM PADRAO F|32.30|UN|249.66|5101|00|218.09|12.00|26.17|0.00|0.00|0.00|0.00|0.00|0.00|
|C170|2|PROD004|PRODUTO ACABADO D|14.36|UN|10056.45|5101|00|9871.81|12.00|1184.62|0.00|0.00|0.00|0.00|0.00|0.00|
|C170|3|PROD005|INSUMO INDUSTRIAL E|5.40|UN|192.33|5101|51|190.67|12.00|22.88|0.00|0.00|0.00|0.00|0.00|0.00|
|C170|4|PROD002|COMPONENTE ELETRICO B|28.29|UN|2100.19|5101|20|2049.91|12.00|245.99|0.00|0.00|0.00|0.00|0.00|0.00|
|C170|5|PROD005|INSUMO INDUSTRIAL E|19.28|UN|537.28|5101|40|0.00|12.00|0.00|0.00|0.00|0.00|0.00|0.00|0.00|
|C100|1|0|11223344000166|55|00|000000341|000|22012024|25012024|43316.22|33755.48|4050.66|0.00|0.00|0.00|0.00|0.00|0.00|0.00|0|33366699000100|
|C170|1|PROD001|PECA MECANICA TIPO A|24.36|UN|1946.61|5401|70|0.00|12.00|0.00|0.00|0.00|0.00|0.00|0.00|0.00|
|C170|2|PROD008|CONJUNTO MONTADO H|49.85|UN|36654.42|5401|90|33755.48|12.00|4050.66|0.00|0.00|0.00|0.00|0.00|0.00|
|C170|3|PROD001|PECA MECANICA TIPO A|49.73|UN|4715.19|5401|40|0.00|12.00|0.00|0.00|0.00|0.00|0.00|0.00|0.00|
|C100|1|0|11223344000166|55|00|000000342|000|26012024|28012024|3098.27|3021.35|362.56|0.00|0.00|0.00|0.00|0.00|0.00|0.00|0|77788899000177|
|C170|1|PROD001|PECA MECANICA TIPO A|42.44|UN|3098.27|5403|10|3021.35|12.00|362.56|0.00|0.00|0.00|0.00|0.00|0.00|
|C100|1|0|11223344000166|55|00|000000343|000|21012024|21012024|5224.45|1116.08|133.93|0.00|0.00|0.00|0.00|0.00|0.00|0.00|0|33366699000100|
|C170|1|PROD005|INSUMO INDUSTRIAL E|28.07|UN|507.80|5102|60|0.00|12.00|0.00|0.00|0.00|0.00|0.00|0.00|0.00|
|C170|2|PROD006|EMBALAGEM PADRAO F|44.80|UN|529.49|5102|60|0.00|12.00|0.00|0.00|0.00|0.00|0.00|0.00|0.00|
|C170|3|PROD002|COMPONENTE ELETRICO B|30.13|UN|1219.70|5102|00|1116.08|12.00|133.93|0.00|0.00|0.00|0.00|0.00|0.00|
|C170|4|PROD001|PECA MECANICA TIPO A|31.41|UN|2967.46|5102|50|0.00|12.00|0.00|0.00|0.00|0.00|0.00|0.00|0.00|
|C100|1|0|11223344000166|55|00|000000344|000|12012024|13012024|1536.29|300.84|36.10|0.00|0.00|0.00|0.00|0.00|0.00|0.00|0|55512312300010|
|C170|1|PROD003|MATERIAL BRUTO C|3.68|UN|1186.98|5102|40|0.00|12.00|0.00|0.00|0.00|0.00|0.00|0.00|0.00|
|C170|2|PROD007|PARTE SOBRESSALENTE G|2.43|UN|349.31|5102|20|300.84|12.00|36.10|0.00|0.00|0.00|0.00|0.00|0.00|
|C100|1|0|11223344000166|55|00|000000345|000|16012024|19012024|47696.63|16209.15|1945.10|0.00|0.00|0.00|0.00|0.00|0.00|0.00|0|77788899000177|
|C170|1|PROD001|PECA MECANICA TIPO A|1.49|UN|79.92|5403|10|78.44|12.00|9.41|0.00|0.00|0.00|0.00|0.00|0.00|
|C170|2|PROD007|PARTE SOBRESSALENTE G|35.87|UN|3700.55|5403|10|3194.38|12.00|383.33|0.00|0.00|0.00|0.00|0.00|0.00|
|C170|3|PROD008|CONJUNTO MONTADO H|12.23|UN|13279.51|5403|00|12936.33|12.00|1552.36|0.00|0.00|0.00|0.00|0.00|0.00|
|C170|4|PROD004|PRODUTO ACABADO D|37.52|UN|30636.65|5403|40|0.00|12.00|0.00|0.00|0.00|0.00|0.00|0.00|0.00|
|C100|1|0|11223344000166|55|00|000000346|000|15012024|15012024|64903.28|56163.35|6739.60|0.00|0.00|0.00|0.00|0.00|0.00|0.00|0|55512312300010|
|C170|1|PROD008|CONJUNTO MONTADO H|44.51|UN|56623.78|5401|10|48990.24|12.00|5878.83|0.00|0.00|0.00|0.00|0.00|0.00|
|C170|2|PROD008|CONJUNTO MONTADO H|10.32|UN|8279.50|5401|00|7173.11|12.00|860.77|0.00|0.00|0.00|0.00|0.00|0.00|
|C100|1|0|11223344000166|55|00|000000347|000|06012024|07012024|2589.79|2521.28|302.55|0.00|0.00|0.00|0.00|0.00|0.00|0.00|0|33366699000100|
|C170|1|PROD001|PECA MECANICA TIPO A|46.65|UN|2589.79|5401|51|2521.28|12.00|302.55|0.00|0.00|0.00|0.00|0.00|0.00|
|C100|1|0|11223344000166|55|00|000000348|000|05012024|08012024|39197.22|29721.01|3566.52|0.00|0.00|0.00|0.00|0.00|0.00|0.00|0|55512312300010|
|C170|1|PROD005|INSUMO INDUSTRIAL E|47.36|UN|933.52|6102|00|822.15|12.00|98.66|0.00|0.00|0.00|0.00|0.00|0.00|
|C170|2|PROD007|PARTE SOBRESSALENTE G|48.19|UN|6361.48|6102|40|0.00|12.00|0.00|0.00|0.00|0.00|0.00|0.00|0.00|
|C170|3|PROD004|PRODUTO ACABADO D|39.60|UN|30185.35|6102|20|28898.86|12.00|3467.86|0.00|0.00|0.00|0.00|0.00|0.00|
|C170|4|PROD005|INSUMO INDUSTRIAL E|21.05|UN|831.42|6102|40|0.00|12.00|0.00|0.00|0.00|0.00|0.00|0.00|0.00|
|C170|5|PROD002|COMPONENTE ELETRICO B|16.93|UN|885.45|6102|40|0.00|12.00|0.00|0.00|0.00|0.00|0.00|0.00|0.00|
|C100|1|0|11223344000166|55|00|000000349|000|15012024|15012024|29574.72|27350.82|3282.10|0.00|0.00|0.00|0.00|0.00|0.00|0.00|0|33366699000100|
|C170|1|PROD008|CONJUNTO MONTADO H|25.09|UN|29259.12|6101|20|27350.82|12.00|3282.10|0.00|0.00|0.00|0.00|0.00|0.00|
|C170|2|PROD005|INSUMO INDUSTRIAL E|9.84|UN|315.60|6101|40|0.00|12.00|0.00|0.00|0.00|0.00|0.00|0.00|0.00|
|C100|1|0|11223344000166|55|00|000000350|000|28012024|30012024|23370.06|22277.33|2673.29|0.00|0.00|0.00|0.00|0.00|0.00|0.00|0|33366699000100|
|C170|1|PROD003|MATERIAL BRUTO C|23.27|UN|7555.21|6102|00|7097.46|12.00|851.70|0.00|0.00|0.00|0.00|0.00|0.00|
|C170|2|PROD002|COMPONENTE ELETRICO B|36.26|UN|2553.51|6102|00|2457.88|12.00|294.95|0.00|0.00|0.00|0.00|0.00|0.00|
|C170|3|PROD004|PRODUTO ACABADO D|3.86|UN|3442.00|6102|20|3379.24|12.00|405.51|0.00|0.00|0.00|0.00|0.00|0.00|
|C170|4|PROD006|EMBALAGEM PADRAO F|39.43|UN|378.16|6102|50|0.00|12.00|0.00|0.00|0.00|0.00|0.00|0.00|0.00|
|C170|5|PROD003|MATERIAL BRUTO C|46.11|UN|9441.18|6102|90|9342.75|12.00|1121.13|0.00|0.00|0.00|0.00|0.00|0.00|
|C100|1|0|11223344000166|55|00|000000351|000|14012024|14012024|855.54|731.26|87.75|0.00|0.00|0.00|0.00|0.00|0.00|0.00|0|99900011000155|
|C170|1|PROD005|INSUMO INDUSTRIAL E|22.78|UN|855.54|5101|90|731.26|12.00|87.75|0.00|0.00|0.00|0.00|0.00|0.00|
|C100|1|0|11223344000166|55|00|000000352|000|26012024|26012024|5489.91|5134.60|616.15|0.00|0.00|0.00|0.00|0.00|0.00|0.00|0|55512312300010|
|C170|1|PROD004|PRODUTO ACABADO D|6.43|UN|4094.30|6102|00|3882.20|12.00|465.86|0.00|0.00|0.00|0.00|0.00|0.00|
|C170|2|PROD001|PECA MECANICA TIPO A|14.12|UN|1395.61|6102|00|1252.40|12.00|150.29|0.00|0.00|0.00|0.00|0.00|0.00|
|C100|1|0|11223344000166|55|00|000000353|000|25012024|26012024|28455.99|27782.36|3333.88|0.00|0.00|0.00|0.00|0.00|0.00|0.00|0|77788899000177|
|C170|1|PROD004|PRODUTO ACABADO D|28.58|UN|25065.50|5401|00|24618.52|12.00|2954.22|0.00|0.00|0.00|0.00|0.00|0.00|
|C170|2|PROD001|PECA MECANICA TIPO A|1.37|UN|94.71|5401|40|0.00|12.00|0.00|0.00|0.00|0.00|0.00|0.00|0.00|
|C170|3|PROD007|PARTE SOBRESSALENTE G|34.28|UN|3103.96|5401|10|2990.53|12.00|358.86|0.00|0.00|0.00|0.00|0.00|0.00|
|C170|4|PROD006|EMBALAGEM PADRAO F|32.35|UN|191.82|5401|20|173.31|12.00|20.80|0.00|0.00|0.00|0.00|0.00|0.00|
|C100|1|0|11223344000166|55|00|000000354|000|26012024|29012024|213.91|0.00|0.00|0.00|0.00|0.00|0.00|0.00|0.00|0.00|0|33366699000100|
|C170|1|PROD007|PARTE SOBRESSALENTE G|1.34|UN|213.91|5102|30|0.00|12.00|0.00|0.00|0.00|0.00|0.00|0.00|0.00|
|C100|1|0|11223344000166|55|00|000000355|000|21012024|24012024|41560.85|14075.47|1689.06|0.00|0.00|0.00|0.00|0.00|0.00|0.00|0|99900011000155|
|C170|1|PROD003|MATERIAL BRUTO C|22.82|UN|5112.14|6102|30|0.00|12.00|0.00|0.00|0.00|0.00|0.00|0.00|0.00|
|C170|2|PROD007|PARTE SOBRESSALENTE G|16.97|UN|2649.34|6102|41|0.00|12.00|0.00|0.00|0.00|0.00|0.00|0.00|0.00|
|C170|3|PROD003|MATERIAL BRUTO C|48.27|UN|14611.57|6102|00|14075.47|12.00|1689.06|0.00|0.00|0.00|0.00|0.00|0.00|
|C170|4|PROD004|PRODUTO ACABADO D|28.62|UN|19187.80|6102|30|0.00|12.00|0.00|0.00|0.00|0.00|0.00|0.00|0.00|
|C100|1|0|11223344000166|55|00|000000356|000|24012024|24012024|43989.87|40601.73|4872.21|0.00|0.00|0.00|0.00|0.00|0.00|0.00|0|55512312300010|
|C170|1|PROD002|COMPONENTE ELETRICO B|42.71|UN|2669.12|6102|90|2557.92|12.00|306.95|0.00|0.00|0.00|0.00|0.00|0.00|
|C170|2|PROD004|PRODUTO ACABADO D|12.61|UN|12095.38|6102|20|10441.47|12.00|1252.98|0.00|0.00|0.00|0.00|0.00|0.00|
|C170|3|PROD007|PARTE SOBRESSALENTE G|1.46|UN|136.47|6102|50|0.00|12.00|0.00|0.00|0.00|0.00|0.00|0.00|0.00|
|C170|4|PROD008|CONJUNTO MONTADO H|34.83|UN|29088.90|6102|20|27602.34|12.00|3312.28|0.00|0.00|0.00|0.00|0.00|0.00|
|C100|1|0|11223344000166|55|00|000000357|000|08012024|09012024|22743.37|7623.82|914.86|0.00|0.00|0.00|0.00|0.00|0.00|0.00|0|99900011000155|
|C170|1|PROD003|MATERIAL BRUTO C|14.43|UN|4323.95|5401|20|4273.85|12.00|512.86|0.00|0.00|0.00|0.00|0.00|0.00|
|C170|2|PROD006|EMBALAGEM PADRAO F|22.15|UN|242.51|5401|00|227.51|12.00|27.30|0.00|0.00|0.00|0.00|0.00|0.00|
|C170|3|PROD003|MATERIAL BRUTO C|38.86|UN|12507.29|5401|70|0.00|12.00|0.00|0.00|0.00|0.00|0.00|0.00|0.00|
|C170|4|PROD001|PECA MECANICA TIPO A|26.57|UN|3137.33|5401|00|3122.46|12.00|374.70|0.00|0.00|0.00|0.00|0.00|0.00|
|C170|5|PROD003|MATERIAL BRUTO C|8.08|UN|2532.29|5401|40|0.00|12.00|0.00|0.00|0.00|0.00|0.00|0.00|0.00|
|C100|1|0|11223344000166|55|00|000000358|000|15012024|18012024|14046.95|12610.21|1513.23|0.00|0.00|0.00|0.00|0.00|0.00|0.00|0|55512312300010|
|C170|1|PROD003|LINHA_CORROMPIDA|
|C100|1|0|11223344000166|55|00|000000359|000|25012024|25012024|12092.07|189.70|22.76|0.00|0.00|0.00|0.00|0.00|0.00|0.00|0|22244466000133|
|C170|1|PROD003|MATERIAL BRUTO C|45.54|UN|11882.69|5401|40|0.00|12.00|0.00|0.00|0.00|0.00|0.00|0.00|0.00|
|C170|2|PROD006|EMBALAGEM PADRAO F|20.92|UN|209.38|5401|00|189.70|12.00|22.76|0.00|0.00|0.00|0.00|0.00|0.00|
|C100|1|0|11223344000166|55|00|000000360|000|19012024|22012024|57900.34|54723.64|6566.84|0.00|0.00|0.00|0.00|0.00|0.00|0.00|0|33366699000100|
|C170|1|PROD008|CONJUNTO MONTADO H|46.34|UN|57900.34|5403|00|54723.64|12.00|6566.84|0.00|0.00|0.00|0.00|0.00|0.00|
|C100|1|0|11223344000166|55|00|000000361|000|31012024|03022024|16398.92|15426.99|1851.24|0.00|0.00|0.00|0.00|0.00|0.00|0.00|0|77788899000177|
|C170|1|PROD005|INSUMO INDUSTRIAL E|6.72|UN|129.13|5102|20|126.06|12.00|15.13|0.00|0.00|0.00|0.00|0.00|0.00|
|C170|2|PROD003|MATERIAL BRUTO C|48.57|UN|16269.79|5102|20|15300.93|12.00|1836.11|0.00|0.00|0.00|0.00|0.00|0.00|
|C100|1|0|11223344000166|55|00|000000362|000|17012024|18012024|13558.96|12368.89|1484.26|0.00|0.00|0.00|0.00|0.00|0.00|0.00|0|22244466000133|
|C170|1|PROD003|MATERIAL BRUTO C|43.59|UN|12992.14|5403|00|11817.04|12.00|1418.04|0.00|0.00|0.00|0.00|0.00|0.00|
|C170|2|PROD005|INSUMO INDUSTRIAL E|16.91|UN|566.82|5403|00|551.85|12.00|66.22|0.00|0.00|0.00|0.00|0.00|0.00|
|C100|1|0|11223344000166|55|00|000000363|000|17012024|19012024|20479.58|4435.82|532.31|0.00|0.00|0.00|0.00|0.00|0.00|0.00|0|22244466000133|
|C170|1|PROD005|INSUMO INDUSTRIAL E|41.56|UN|1454.63|6101|00|1243.32|12.00|149.20|0.00|0.00|0.00|0.00|0.00|0.00|
|C170|2|PROD007|PARTE SOBRESSALENTE G|14.62|UN|1317.37|6101|20|1184.05|12.00|142.09|0.00|0.00|0.00|0.00|0.00|0.00|
|C170|3|PROD008|CONJUNTO MONTADO H|11.30|UN|15485.53|6101|30|0.00|12.00|0.00|0.00|0.00|0.00|0.00|0.00|0.00|
|C170|4|PROD001|PECA MECANICA TIPO A|17.97|UN|1215.06|6101|10|1035.38|12.00|124.25|0.00|0.00|0.00|0.00|0.00|0.00|
|C170|5|PROD001|PECA MECANICA TIPO A|16.30|UN|1006.99|6101|00|973.07|12.00|116.77|0.00|0.00|0.00|0.00|0.00|0.00|
|C100|1|0|11223344000166|55|00|000000364|000|29012024|29012024|3788.52|73.60|8.83|0.00|0.00|0.00|0.00|0.00|0.00|0.00|0|33366699000100|
|C170|1|PROD001|PECA MECANICA TIPO A|36.09|UN|3702.88|5403|41|0.00|12.00|0.00|0.00|0.00|0.00|0.00|0.00|0.00|
|C170|2|PROD006|EMBALAGEM PADRAO F|15.10|UN|85.64|5403|00|73.60|12.00|8.83|0.00|0.00|0.00|0.00|0.00|0.00|
|C100|1|0|11223344000166|55|00|000000365|000|15012024|15012024|11541.43|6557.70|786.92|0.00|0.00|0.00|0.00|0.00|0.00|0.00|0|77788899000177|
|C170|1|PROD003|MATERIAL BRUTO C|21.86|UN|7236.20|5401|10|6557.70|12.00|786.92|0.00|0.00|0.00|0.00|0.00|0.00|
|C170|2|PROD002|COMPONENTE ELETRICO B|34.04|UN|1958.15|5401|40|0.00|12.00|0.00|0.00|0.00|0.00|0.00|0.00|0.00|
|C170|3|PROD002|COMPONENTE ELETRICO B|27.23|UN|1305.28|5401|40|0.00|12.00|0.00|0.00|0.00|0.00|0.00|0.00|0.00|
|C170|4|PROD008|CONJUNTO MONTADO H|1.31|UN|1041.80|5401|40|0.00|12.00|0.00|0.00|0.00|0.00|0.00|0.00|0.00|
|C100|1|0|11223344000166|55|00|000000366|000|04012024|07012024|38106.31|34743.62|4169.24|0.00|0.00|0.00|0.00|0.00|0.00|0.00|0|99900011000155|
|C170|1|PROD008|CONJUNTO MONTADO H|4.04|UN|3758.90|5101|00|3620.80|12.00|434.50|0.00|0.00|0.00|0.00|0.00|0.00|
|C170|2|PROD005|INSUMO INDUSTRIAL E|47.08|UN|1271.71|5101|20|1109.86|12.00|133.18|0.00|0.00|0.00|0.00|0.00|0.00|
|C170|3|PROD004|PRODUTO ACABADO D|41.90|UN|29468.11|5101|90|26778.52|12.00|3213.42|0.00|0.00|0.00|0.00|0.00|0.00|
|C170|4|PROD002|COMPONENTE ELETRICO B|22.80|UN|1033.98|5101|10|1012.39|12.00|121.49|0.00|0.00|0.00|0.00|0.00|0.00|
|C170|5|PROD002|COMPONENTE ELETRICO B|35.12|UN|2573.61|5101|90|2222.05|12.00|266.65|0.00|0.00|0.00|0.00|0.00|0.00|
|C100|1|0|11223344000166|55|00|000000367|000|23012024|23012024|16145.15|14723.25|1766.79|0.00|0.00|0.00|0.00|0.00|0.00|0.00|0|33366699000100|
|C170|1|PROD003|MATERIAL BRUTO C|34.80|UN|8787.44|5101|20|8123.56|12.00|974.83|0.00|0.00|0.00|0.00|0.00|0.00|
|C170|2|PROD005|INSUMO INDUSTRIAL E|42.34|UN|827.84|5101|00|758.44|12.00|91.01|0.00|0.00|0.00|0.00|0.00|0.00|
|C170|3|PROD007|PARTE SOBRESSALENTE G|36.26|UN|5670.28|5101|10|5164.87|12.00|619.78|0.00|0.00|0.00|0.00|0.00|0.00|
|C170|4|PROD005|INSUMO INDUSTRIAL E|24.67|UN|712.06|5101|20|676.38|12.00|81.17|0.00|0.00|0.00|0.00|0.00|0.00|
|C170|5|PROD006|EMBALAGEM PADRAO F|22.09|UN|147.53|5101|40|0.00|12.00|0.00|0.00|0.00|0.00|0.00|0.00|0.00|
|C100|1|0|11223344000166|55|00|000000368|000|05012024|05012024|5411.83|3524.97|422.99|0.00|0.00|0.00|0.00|0.00|0.00|0.00|0|22244466000133|
|C170|1|PROD003|MATERIAL BRUTO C|4.83|UN|1125.17|5101|40|0.00|12.00|0.00|0.00|0.00|0.00|0.00|0.00|0.00|
|C170|2|PROD006|EMBALAGEM PADRAO F|28.14|UN|278.90|5101|40|0.00|12.00|0.00|0.00|0.00|0.00|0.00|0.00|0.00|
|C170|3|PROD003|MATERIAL BRUTO C|11.23|UN|3180.17|5101|00|2711.79|12.00|325.41|0.00|0.00|0.00|0.00|0.00|0.00|
|C170|4|PROD003|MATERIAL BRUTO C|2.74|UN|827.59|5101|90|813.18|12.00|97.58|0.00|0.00|0.00|0.00|0.00|0.00|
|C100|1|0|11223344000166|55|00|000000369|000|12012024|15012024|133.42|0.00|0.00|0.00|0.00|0.00|0.00|0.00|0.00|0.00|0|77788899000177|
|C170|1|PROD006|EMBALAGEM PADRAO F|13.04|UN|133.42|6101|40|0.00|12.00|0.00|0.00|0.00|0.00|0.00|0.00|0.00|
|C100|1|0|11223344000166|55|00|000000370|000|01012024|03012024|24613.57|0.00|0.00|0.00|0.00|0.00|0.00|0.00|0.00|0.00|0|77788899000177|
|C170|1|PROD008|CONJUNTO MONTADO H|25.48|UN|24613.57|6101|60|0.00|12.00|0.00|0.00|0.00|0.00|0.00|0.00|0.00|
|C100|1|0|11223344000166|55|00|000000371|000|09012024|12012024|330.97|0.00|0.00|0.00|0.00|0.00|0.00|0.00|0.00|0.00|0|55512312300010|
|C170|1|PROD001|PECA MECANICA TIPO A|4.12|UN|330.97|5403|40|0.00|12.00|0.00|0.00|0.00|0.00|0.00|0.00|0.00|
|C100|1|0|11223344000166|55|00|000000372|000|19012024|21012024|11070.12|9989.74|1198.76|0.00|0.00|0.00|0.00|0.00|0.00|0.00|0|55512312300010|
|C170|1|PROD007|PARTE SOBRESSALENTE G|29.12|UN|3592.49|6102|10|3591.12|12.00|430.93|0.00|0.00|0.00|0.00|0.00|0.00|
|C170|2|PROD007|PARTE SOBRESSALENTE G|49.55|UN|7031.22|6102|00|5994.82|12.00|719.38|0.00|0.00|0.00|0.00|0.00|0.00|
|C170|3|PROD001|PECA MECANICA TIPO A|4.77|UN|262.23|6102|20|237.18|12.00|28.46|0.00|0.00|0.00|0.00|0.00|0.00|
|C170|4|PROD005|INSUMO INDUSTRIAL E|3.79|UN|80.06|6102|20|77.09|12.00|9.25|0.00|0.00|0.00|0.00|0.00|0.00|
|C170|5|PROD006|EMBALAGEM PADRAO F|10.94|UN|104.12|6102|00|89.53|12.00|10.74|0.00|0.00|0.00|0.00|0.00|0.00|
|C100|1|0|11223344000166|55|00|000000373|000|25012024|28012024|11318.19|788.63|94.64|0.00|0.00|0.00|0.00|0.00|0.00|0.00|0|77788899000177|
|C170|1|PROD008|CONJUNTO MONTADO H|8.84|UN|7148.16|5101|41|0.00|12.00|0.00|0.00|0.00|0.00|0.00|0.00|0.00|
|C170|2|PROD006|EMBALAGEM PADRAO F|39.72|UN|372.17|5101|41|0.00|12.00|0.00|0.00|0.00|0.00|0.00|0.00|0.00|
|C170|3|PROD002|COMPONENTE ELETRICO B|11.40|UN|627.33|5101|00|597.49|12.00|71.70|0.00|0.00|0.00|0.00|0.00|0.00|
|C170|4|PROD001|PECA MECANICA TIPO A|2.91|UN|193.14|5101|00|191.14|12.00|22.94|0.00|0.00|0.00|0.00|0.00|0.00|
|C170|5|PROD007|PARTE SOBRESSALENTE G|25.78|UN|2977.39|5101|41|0.00|12.00|0.00|0.00|0.00|0.00|0.00|0.00|0.00|
|C100|1|0|11223344000166|55|00|000000374|000|31012024|03022024|32146.20|22128.06|2655.37|0.00|0.00|0.00|0.00|0.00|0.00|0.00|0|33366699000100|
|C170|1|PROD006|EMBALAGEM PADRAO F|34.83|UN|327.75|5102|00|283.64|12.00|34.04|0.00|0.00|0.00|0.00|0.00|0.00|
|C170|2|PROD004|PRODUTO ACABADO D|27.95|UN|25482.10|5102|10|21780.09|12.00|2613.61|0.00|0.00|0.00|0.00|0.00|0.00|
|C170|3|PROD004|PRODUTO ACABADO D|7.19|UN|6264.02|5102|40|0.00|12.00|0.00|0.00|0.00|0.00|0.00|0.00|0.00|
|C170|4|PROD006|EMBALAGEM PADRAO F|14.35|UN|72.33|5102|20|64.33|12.00|7.72|0.00|0.00|0.00|0.00|0.00|0.00|
|C100|1|0|11223344000166|55|00|000000375|000|23012024|23012024|46056.12|30949.91|3713.99|0.00|0.00|0.00|0.00|0.00|0.00|0.00|0|33366699000100|
|C170|1|PROD008|CONJUNTO MONTADO H|26.11|UN|34469.17|5102|00|30949.91|12.00|3713.99|0.00|0.00|0.00|0.00|0.00|0.00|
|C170|2|PROD008|CONJUNTO MONTADO H|8.63|UN|11586.95|5102|50|0.00|12.00|0.00|0.00|0.00|0.00|0.00|0.00|0.00|
|C100|1|0|11223344000166|55|00|000000376|000|10012024|12012024|47042.83|45205.26|5424.63|0.00|0.00|0.00|0.00|0.00|0.00|0.00|0|33366699000100|
|C170|1|PROD005|INSUMO INDUSTRIAL E|46.18|UN|1015.87|5102|60|0.00|12.00|0.00|0.00|0.00|0.00|0.00|0.00|0.00|
|C170|2|PROD008|CONJUNTO MONTADO H|37.87|UN|46026.96|5102|00|45205.26|12.00|5424.63|0.00|0.00|0.00|0.00|0.00|0.00|
|C100|1|0|11223344000166|55|00|000000377|000|25012024|28012024|2360.15|2264.29|271.71|0.00|0.00|0.00|0.00|0.00|0.00|0.00|0|99900011000155|
|C170|1|PROD002|COMPONENTE ELETRICO B|32.97|UN|1008.52|5101|20|979.34|12.00|117.52|0.00|0.00|0.00|0.00|0.00|0.00|
|C170|2|PROD002|COMPONENTE ELETRICO B|31.80|UN|1351.63|5101|00|1284.95|12.00|154.19|0.00|0.00|0.00|0.00|0.00|0.00|
|C100|1|0|11223344000166|55|00|000000378|000|16012024|17012024|46646.17|982.80|117.93|0.00|0.00|0.00|0.00|0.00|0.00|0.00|0|77788899000177|
|C170|1|PROD004|PRODUTO ACABADO D|47.62|UN|45411.38|5102|40|0.00|12.00|0.00|0.00|0.00|0.00|0.00|0.00|0.00|
|C170|2|PROD006|EMBALAGEM PADRAO F|19.15|UN|180.40|5102|40|0.00|12.00|0.00|0.00|0.00|0.00|0.00|0.00|0.00|
|C170|3|PROD001|PECA MECANICA TIPO A|8.44|UN|902.66|5102|00|837.20|12.00|100.46|0.00|0.00|0.00|0.00|0.00|0.00|
|C170|4|PROD002|COMPONENTE ELETRICO B|2.47|UN|151.73|5102|00|145.60|12.00|17.47|0.00|0.00|0.00|0.00|0.00|0.00|
|C100|1|0|11223344000166|55|00|000000379|000|16012024|17012024|400.93|0.00|0.00|0.00|0.00|0.00|0.00|0.00|0.00|0.00|0|99900011000155|
|C170|1|PROD001|PECA MECANICA TIPO A|4.10|UN|353.00|5102|40|0.00|12.00|0.00|0.00|0.00|0.00|0.00|0.00|0.00|
|C170|2|PROD006|EMBALAGEM PADRAO F|5.04|UN|47.93|5102|40|0.00|12.00|0.00|0.00|0.00|0.00|0.00|0.00|0.00|
|C100|1|0|11223344000166|55|00|000000380|000|27012024|27012024|4991.02|0.00|0.00|0.00|0.00|0.00|0.00|0.00|0.00|0.00|0|22244466000133|
|C170|1|PROD007|PARTE SOBRESSALENTE G|41.31|UN|4991.02|5102|40|0.00|12.00|0.00|0.00|0.00|0.00|0.00|0.00|0.00|
|C100|1|0|11223344000166|55|00|000000381|000|22012024|22012024|2722.39|2643.82|317.26|0.00|0.00|0.00|0.00|0.00|0.00|0.00|0|22244466000133|
|C170|1|PROD003|MATERIAL BRUTO C|10.99|UN|2722.39|6101|90|2643.82|12.00|317.26|0.00|0.00|0.00|0.00|0.00|0.00|
|C100|1|0|11223344000166|55|00|000000382|000|14012024|15012024|36150.41|23713.19|2845.58|0.00|0.00|0.00|0.00|0.00|0.00|0.00|0|99900011000155|
|C170|1|PROD008|CONJUNTO MONTADO H|36.17|UN|25533.78|6101|90|23713.19|12.00|2845.58|0.00|0.00|0.00|0.00|0.00|0.00|
|C170|2|PROD003|MATERIAL BRUTO C|38.90|UN|10616.63|6101|70|0.00|12.00|0.00|0.00|0.00|0.00|0.00|0.00|0.00|
|C100|1|0|11223344000166|55|00|000000383|000|14012024|14012024|11364.14|1340.86|160.90|0.00|0.00|0.00|0.00|0.00|0.00|0.00|0|99900011000155|
|C170|1|PROD005|INSUMO INDUSTRIAL E|13.80|UN|266.10|5403|00|239.93|12.00|28.79|0.00|0.00|0.00|0.00|0.00|0.00|
|C170|2|PROD005|INSUMO INDUSTRIAL E|29.17|UN|1006.33|5403|40|0.00|12.00|0.00|0.00|0.00|0.00|0.00|0.00|0.00|
|C170|3|PROD002|COMPONENTE ELETRICO B|19.70|UN|1148.20|5403|00|1100.93|12.00|132.11|0.00|0.00|0.00|0.00|0.00|0.00|
|C170|4|PROD003|MATERIAL BRUTO C|39.25|UN|8943.51|5403|41|0.00|12.00|0.00|0.00|0.00|0.00|0.00|0.00|0.00|
|C100|1|0|11223344000166|55|00|000000384|000|29012024|30012024|4565.85|4448.29|533.79|0.00|0.00|0.00|0.00|0.00|0.00|0.00|0|55512312300010|
|C170|1|PROD007|PARTE SOBRESSALENTE G|45.45|UN|4565.85|6101|00|4448.29|12.00|533.79|0.00|0.00|0.00|0.00|0.00|0.00|
|C100|1|0|11223344000166|55|00|000000385|000|30012024|01022024|21343.93|18065.58|2167.86|0.00|0.00|0.00|0.00|0.00|0.00|0.00|0|77788899000177|
|C170|1|PROD005|INSUMO INDUSTRIAL E|42.65|UN|878.12|6101|20|831.68|12.00|99.80|0.00|0.00|0.00|0.00|0.00|0.00|
|C170|2|PROD001|PECA MECANICA TIPO A|30.73|UN|1768.38|6101|60|0.00|12.00|0.00|0.00|0.00|0.00|0.00|0.00|0.00|
|C170|3|PROD004|PRODUTO ACABADO D|20.19|UN|17506.00|6101|10|16658.20|12.00|1998.98|0.00|0.00|0.00|0.00|0.00|0.00|
|C170|4|PROD005|INSUMO INDUSTRIAL E|36.30|UN|649.06|6101|00|575.70|12.00|69.08|0.00|0.00|0.00|0.00|0.00|0.00|
|C170|5|PROD005|INSUMO INDUSTRIAL E|14.29|UN|542.37|6101|60|0.00|12.00|0.00|0.00|0.00|0.00|0.00|0.00|0.00|
|C100|1|0|11223344000166|55|00|000000386|000|11012024|12012024|14194.03|8758.46|1051.01|0.00|0.00|0.00|0.00|0.00|0.00|0.00|0|33366699000100|
|C170|1|PROD005|INSUMO INDUSTRIAL E|45.45|UN|914.87|5403|00|871.28|12.00|104.55|0.00|0.00|0.00|0.00|0.00|0.00|
|C170|2|PROD008|CONJUNTO MONTADO H|3.85|UN|4501.76|5403|00|4146.54|12.00|497.58|0.00|0.00|0.00|0.00|0.00|0.00|
|C170|3|PROD002|COMPONENTE ELETRICO B|49.04|UN|3853.23|5403|10|3740.64|12.00|448.88|0.00|0.00|0.00|0.00|0.00|0.00|
|C170|4|PROD007|PARTE SOBRESSALENTE G|47.66|UN|4924.17|5403|40|0.00|12.00|0.00|0.00|0.00|0.00|0.00|0.00|0.00|
|C100|1|0|11223344000166|55|00|000000387|000|12012024|14012024|1228.92|1067.24|128.07|0.00|0.00|0.00|0.00|0.00|0.00|0.00|0|22244466000133|
|C170|1|PROD005|INSUMO INDUSTRIAL E|30.72|UN|1228.92|6101|10|1067.24|12.00|128.07|0.00|0.00|0.00|0.00|0.00|0.00|
|C100|1|0|11223344000166|55|00|000000388|000|02012024|05012024|383.71|0.00|0.00|0.00|0.00|0.00|0.00|0.00|0.00|0.00|0|22244466000133|
|C170|1|PROD003|MATERIAL BRUTO C|1.70|UN|383.71|5101|40|0.00|12.00|0.00|0.00|0.00|0.00|0.00|0.00|0.00|
|C100|1|0|11223344000166|55|00|000000389|000|29012024|01022024|52187.07|514.06|61.69|0.00|0.00|0.00|0.00|0.00|0.00|0.00|0|33366699000100|
|C170|1|PROD008|CONJUNTO MONTADO H|44.52|UN|49470.84|5101|50|0.00|12.00|0.00|0.00|0.00|0.00|0.00|0.00|0.00|
|C170|2|PROD005|INSUMO INDUSTRIAL E|18.75|UN|582.72|5101|10|514.06|12.00|61.69|0.00|0.00|0.00|0.00|0.00|0.00|
|C170|3|PROD007|PARTE SOBRESSALENTE G|1.91|UN|265.11|5101|30|0.00|12.00|0.00|0.00|0.00|0.00|0.00|0.00|0.00|
|C170|4|PROD002|COMPONENTE ELETRICO B|40.78|UN|1868.40|5101|40|0.00|12.00|0.00|0.00|0.00|0.00|0.00|0.00|0.00|
|C100|1|0|11223344000166|55|00|000000390|000|24012024|24012024|14459.88|13425.84|1611.10|0.00|0.00|0.00|0.00|0.00|0.00|0.00|0|22244466000133|
|C170|1|PROD004|PRODUTO ACABADO D|16.83|UN|14459.88|6101|20|13425.84|12.00|1611.10|0.00|0.00|0.00|0.00|0.00|0.00|
|C100|1|0|11223344000166|55|00|000000391|000|14012024|15012024|5267.37|4260.96|511.32|0.00|0.00|0.00|0.00|0.00|0.00|0.00|0|77788899000177|
|C170|1|PROD006|EMBALAGEM PADRAO F|47.21|UN|550.49|5403|40|0.00|12.00|0.00|0.00|0.00|0.00|0.00|0.00|0.00|
|C170|2|PROD001|PECA MECANICA TIPO A|3.32|UN|264.30|5403|90|252.40|12.00|30.29|0.00|0.00|0.00|0.00|0.00|0.00|
|C170|3|PROD001|PECA MECANICA TIPO A|38.41|UN|3170.72|5403|00|2903.23|12.00|348.39|0.00|0.00|0.00|0.00|0.00|0.00|
|C170|4|PROD005|INSUMO INDUSTRIAL E|47.56|UN|989.64|5403|00|842.16|12.00|101.06|0.00|0.00|0.00|0.00|0.00|0.00|
|C170|5|PROD006|EMBALAGEM PADRAO F|35.64|UN|292.22|5403|10|263.17|12.00|31.58|0.00|0.00|0.00|0.00|0.00|0.00|
|C100|1|0|11223344000166|55|00|000000392|000|04012024|05012024|48883.15|44982.87|5397.94|0.00|0.00|0.00|0.00|0.00|0.00|0.00|0|55512312300010|
|C170|1|PROD007|PARTE SOBRESSALENTE G|15.26|UN|2304.42|5102|00|1989.60|12.00|238.75|0.00|0.00|0.00|0.00|0.00|0.00|
|C170|2|PROD008|CONJUNTO MONTADO H|38.57|UN|46578.73|5102|90|42993.27|12.00|5159.19|0.00|0.00|0.00|0.00|0.00|0.00|
|C100|1|0|11223344000166|55|00|000000393|000|20012024|23012024|59184.45|53198.68|6383.85|0.00|0.00|0.00|0.00|0.00|0.00|0.00|0|33366699000100|
|C170|1|PROD001|PECA MECANICA TIPO A|18.45|UN|1884.97|6102|00|1643.30|12.00|197.20|0.00|0.00|0.00|0.00|0.00|0.00|
|C170|2|PROD008|CONJUNTO MONTADO H|44.82|UN|57299.48|6102|00|51555.38|12.00|6186.65|0.00|0.00|0.00|0.00|0.00|0.00|
|C100|1|0|11223344000166|55|00|000000394|000|28012024|30012024|16729.07|13711.79|1645.41|0.00|0.00|0.00|0.00|0.00|0.00|0.00|0|99900011000155|
|C170|1|PROD002|COMPONENTE ELETRICO B|35.43|UN|2603.90|5102|50|0.00|12.00|0.00|0.00|0.00|0.00|0.00|0.00|0.00|
|C170|2|PROD002|COMPONENTE ELETRICO B|31.72|UN|1538.47|5102|20|1466.37|12.00|175.96|0.00|0.00|0.00|0.00|0.00|0.00|
|C170|3|PROD008|CONJUNTO MONTADO H|14.79|UN|11809.08|5102|00|11523.97|12.00|1382.88|0.00|0.00|0.00|0.00|0.00|0.00|
|C170|4|PROD001|PECA MECANICA TIPO A|7.59|UN|777.62|5102|00|721.45|12.00|86.57|0.00|0.00|0.00|0.00|0.00|0.00|
|C100|1|0|11223344000166|55|00|000000395|000|28012024|29012024|2974.66|0.00|0.00|0.00|0.00|0.00|0.00|0.00|0.00|0.00|0|22244466000133|
|C170|1|PROD004|PRODUTO ACABADO D|3.26|UN|2854.76|5403|30|0.00|12.00|0.00|0.00|0.00|0.00|0.00|0.00|0.00|
|C170|2|PROD006|EMBALAGEM PADRAO F|14.86|UN|119.90|5403|40|0.00|12.00|0.00|0.00|0.00|0.00|0.00|0.00|0.00|
|C100|1|0|11223344000166|55|00|000000396|000|04012024|04012024|42427.01|0.00|0.00|0.00|0.00|0.00|0.00|0.00|0.00|0.00|0|33366699000100|
|C170|1|PROD004|PRODUTO ACABADO D|47.77|UN|42027.72|6101|60|0.00|12.00|0.00|0.00|0.00|0.00|0.00|0.00|0.00|
|C170|2|PROD006|EMBALAGEM PADRAO F|38.95|UN|399.29|6101|40|0.00|12.00|0.00|0.00|0.00|0.00|0.00|0.00|0.00|
|C100|1|0|11223344000166|55|00|000000397|000|06012024|07012024|18305.34|7414.41|889.73|0.00|0.00|0.00|0.00|0.00|0.00|0.00|0|99900011000155|
|C170|1|PROD006|LINHA_CORROMPIDA|
|C170|2|PROD003|MATERIAL BRUTO C|40.51|UN|10543.68|5403|30|0.00|12.00|0.00|0.00|0.00|0.00|0.00|0.00|0.00|
|C170|3|PROD007|PARTE SOBRESSALENTE G|10.65|UN|1696.12|5403|20|1500.44|12.00|180.05|0.00|0.00|0.00|0.00|0.00|0.00|
|C170|4|PROD003|MATERIAL BRUTO C|23.86|UN|5964.58|5403|00|5816.07|12.00|697.93|0.00|0.00|0.00|0.00|0.00|0.00|
|C100|1|0|11223344000166|55|00|000000398|000|06012024|09012024|35802.15|33446.44|4013.58|0.00|0.00|0.00|0.00|0.00|0.00|0.00|0|22244466000133|
|C170|1|PROD005|INSUMO INDUSTRIAL E|30.40|UN|477.34|5401|00|423.48|12.00|50.82|0.00|0.00|0.00|0.00|0.00|0.00|
|C170|2|PROD002|COMPONENTE ELETRICO B|21.77|UN|1267.25|5401|40|0.00|12.00|0.00|0.00|0.00|0.00|0.00|0.00|0.00|
|C170|3|PROD008|CONJUNTO MONTADO H|36.48|UN|33999.85|5401|00|32967.99|12.00|3956.16|0.00|0.00|0.00|0.00|0.00|0.00|
|C170|4|PROD006|EMBALAGEM PADRAO F|8.82|UN|57.71|5401|00|54.97|12.00|6.60|0.00|0.00|0.00|0.00|0.00|0.00|
|C100|1|0|11223344000166|55|00|000000399|000|15012024|15012024|11929.77|0.00|0.00|0.00|0.00|0.00|0.00|0.00|0.00|0.00|0|22244466000133|
|C170|1|PROD003|MATERIAL BRUTO C|35.34|UN|11929.77|5401|30|0.00|12.00|0.00|0.00|0.00|0.00|0.00|0.00|0.00|
|C100|1|0|11223344000166|55|00|000000400|000|03012024|04012024|6719.99|3199.67|383.96|0.00|0.00|0.00|0.00|0.00|0.00|0.00|0|22244466000133|
|C170|1|PROD002|COMPONENTE ELETRICO B|44.22|UN|3681.42|5403|10|3199.67|12.00|383.96|0.00|0.00|0.00|0.00|0.00|0.00|
|C170|2|PROD002|COMPONENTE ELETRICO B|25.78|UN|1414.09|5403|41|0.00|12.00|0.00|0.00|0.00|0.00|0.00|0.00|0.00|
|C170|3|PROD005|INSUMO INDUSTRIAL E|47.18|UN|1624.48|5403|30|0.00|12.00|0.00|0.00|0.00|0.00|0.00|0.00|0.00|
|C100|1|0|11223344000166|55|00|000000401|000|27012024|27012024|7248.31|2356.76|282.81|0.00|0.00|0.00|0.00|0.00|0.00|0.00|0|55512312300010|
|C170|1|PROD001|PECA MECANICA TIPO A|47.59|UN|4661.62|5401|40|0.00|12.00|0.00|0.00|0.00|0.00|0.00|0.00|0.00|
|C170|2|PROD001|PECA MECANICA TIPO A|29.94|UN|2586.69|5401|10|2356.76|12.00|282.81|0.00|0.00|0.00|0.00|0.00|0.00|
|C100|1|0|11223344000166|55|00|000000402|000|03012024|06012024|74165.25|45190.04|5422.81|0.00|0.00|0.00|0.00|0.00|0.00|0.00|0|55512312300010|
|C170|1|PROD008|CONJUNTO MONTADO H|41.31|UN|45291.31|6102|00|44771.91|12.00|5372.63|0.00|0.00|0.00|0.00|0.00|0.00|
|C170|2|PROD008|CONJUNTO MONTADO H|33.98|UN|28420.98|6102|40|0.00|12.00|0.00|0.00|0.00|0.00|0.00|0.00|0.00|
|C170|3|PROD006|EMBALAGEM PADRAO F|2.57|UN|26.86|6102|51|24.82|12.00|2.98|0.00|0.00|0.00|0.00|0.00|0.00|
|C170|4|PROD005|INSUMO INDUSTRIAL E|26.43|UN|426.10|6102|51|393.31|12.00|47.20|0.00|0.00|0.00|0.00|0.00|0.00|
|C100|1|0|11223344000166|55|00|000000403|000|31012024|01022024|2653.37|1911.60|229.39|0.00|0.00|0.00|0.00|0.00|0.00|0.00|0|99900011000155|
|C170|1|PROD006|EMBALAGEM PADRAO F|48.80|UN|326.94|5101|00|278.55|12.00|33.43|0.00|0.00|0.00|0.00|0.00|0.00|
|C170|2|PROD006|EMBALAGEM PADRAO F|45.35|UN|286.62|5101|51|255.69|12.00|30.68|0.00|0.00|0.00|0.00|0.00|0.00|
|C170|3|PROD005|INSUMO INDUSTRIAL E|25.85|UN|520.84|5101|40|0.00|12.00|0.00|0.00|0.00|0.00|0.00|0.00|0.00|
|C170|4|PROD002|COMPONENTE ELETRICO B|39.72|UN|1518.97|5101|90|1377.36|12.00|165.28|0.00|0.00|0.00|0.00|0.00|0.00|
|C100|1|0|11223344000166|55|00|000000404|000|16012024|18012024|50900.87|24039.29|2884.71|0.00|0.00|0.00|0.00|0.00|0.00|0.00|0|22244466000133|
|C170|1|PROD004|PRODUTO ACABADO D|42.14|UN|23995.38|5401|40|0.00|12.00|0.00|0.00|0.00|0.00|0.00|0.00|0.00|
|C170|2|PROD008|CONJUNTO MONTADO H|37.02|UN|26495.61|5401|10|24039.29|12.00|2884.71|0.00|0.00|0.00|0.00|0.00|0.00|
|C170|3|PROD006|EMBALAGEM PADRAO F|37.09|UN|409.88|5401|50|0.00|12.00|0.00|0.00|0.00|0.00|0.00|0.00|0.00|
|C100|1|0|11223344000166|55|00|000000405|000|17012024|17012024|41316.59|37807.79|4536.94|0.00|0.00|0.00|0.00|0.00|0.00|0.00|0|33366699000100|
|C170|1|PROD003|MATERIAL BRUTO C|28.94|UN|6436.34|5401|10|6432.09|12.00|771.85|0.00|0.00|0.00|0.00|0.00|0.00|
|C170|2|PROD004|PRODUTO ACABADO D|33.43|UN|30603.58|5401|00|27372.65|12.00|3284.72|0.00|0.00|0.00|0.00|0.00|0.00|
|C170|3|PROD002|COMPONENTE ELETRICO B|9.60|UN|661.93|5401|00|612.61|12.00|73.51|0.00|0.00|0.00|0.00|0.00|0.00|
|C170|4|PROD001|PECA MECANICA TIPO A|26.17|UN|2754.29|5401|00|2638.81|12.00|316.66|0.00|0.00|0.00|0.00|0.00|0.00|
|C170|5|PROD005|INSUMO INDUSTRIAL E|43.44|UN|860.45|5401|00|751.63|12.00|90.20|0.00|0.00|0.00|0.00|0.00|0.00|
|C100|1|0|11223344000166|55|00|000000406|000|28012024|30012024|29723.04|15568.95|1868.27|0.00|0.00|0.00|0.00|0.00|0.00|0.00|0|99900011000155|
|C170|1|PROD004|PRODUTO ACABADO D|17.50|UN|14015.77|5101|10|13888.97|12.00|1666.68|0.00|0.00|0.00|0.00|0.00|0.00|
|C170|2|PROD007|PARTE SOBRESSALENTE G|9.61|UN|885.26|5101|20|763.87|12.00|91.66|0.00|0.00|0.00|0.00|0.00|0.00|
|C170|3|PROD003|MATERIAL BRUTO C|42.90|UN|13708.05|5101|40|0.00|12.00|0.00|0.00|0.00|0.00|0.00|0.00|0.00|
|C170|4|PROD002|COMPONENTE ELETRICO B|32.04|UN|1045.08|5101|10|916.11|12.00|109.93|0.00|0.00|0.00|0.00|0.00|0.00|
|C170|5|PROD006|EMBALAGEM PADRAO F|10.01|UN|68.88|5101|40|0.00|12.00|0.00|0.00|0.00|0.00|0.00|0.00|0.00|
|C100|1|0|11223344000166|55|00|000000407|000|06012024|06012024|30496.45|29638.95|3556.67|0.00|0.00|0.00|0.00|0.00|0.00|0.00|0|77788899000177|
|C170|1|PROD004|PRODUTO ACABADO D|1.83|UN|1253.37|5102|10|1181.19|12.00|141.74|0.00|0.00|0.00|0.00|0.00|0.00|
|C170|2|PROD008|CONJUNTO MONTADO H|21.04|UN|29243.08|5102|00|28457.76|12.00|3414.93|0.00|0.00|0.00|0.00|0.00|0.00|
|C100|1|0|11223344000166|55|00|000000408|000|31012024|02022024|5590.10|4350.86|522.11|0.00|0.00|0.00|0.00|0.00|0.00|0.00|0|99900011000155|
|C170|1|PROD001|PECA MECANICA TIPO A|39.22|UN|4339.08|5401|00|4136.55|12.00|496.39|0.00|0.00|0.00|0.00|0.00|0.00|
|C170|2|PROD006|EMBALAGEM PADRAO F|36.78|UN|218.12|5401|00|214.31|12.00|25.72|0.00|0.00|0.00|0.00|0.00|0.00|
|C170|3|PROD002|COMPONENTE ELETRICO B|14.10|UN|1032.90|5401|40|0.00|12.00|0.00|0.00|0.00|0.00|0.00|0.00|0.00|
|C100|1|0|11223344000166|55|00|000000409|000|02012024|05012024|610.60|530.11|63.61|0.00|0.00|0.00|0.00|0.00|0.00|0.00|0|77788899000177|
|C170|1|PROD005|INSUMO INDUSTRIAL E|16.57|UN|610.60|5101|00|530.11|12.00|63.61|0.00|0.00|0.00|0.00|0.00|0.00|
|C100|1|0|11223344000166|55|00|000000410|000|14012024|16012024|20632.65|3556.46|426.77|0.00|0.00|0.00|0.00|0.00|0.00|0.00|0|77788899000177|
|C170|1|PROD003|MATERIAL BRUTO C|7.07|UN|1558.72|5101|00|1351.26|12.00|162.15|0.00|0.00|0.00|0.00|0.00|0.00|
|C170|2|PROD001|PECA MECANICA TIPO A|33.86|UN|3753.15|5101|40|0.00|12.00|0.00|0.00|0.00|0.00|0.00|0.00|0.00|
|C170|3|PROD007|PARTE SOBRESSALENTE G|29.28|UN|2486.96|5101|00|2205.20|12.00|264.62|0.00|0.00|0.00|0.00|0.00|0.00|
|C170|4|PROD008|CONJUNTO MONTADO H|10.54|UN|12833.82|5101|40|0.00|12.00|0.00|0.00|0.00|0.00|0.00|0.00|0.00|
|C100|1|0|11223344000166|55|00|000000411|000|07012024|08012024|35926.25|14004.35|1680.52|0.00|0.00|0.00|0.00|0.00|0.00|0.00|0|55512312300010|
|C170|1|PROD003|MATERIAL BRUTO C|25.25|UN|6250.63|6102|00|5406.68|12.00|648.80|0.00|0.00|0.00|0.00|0.00|0.00|
|C170|2|PROD008|CONJUNTO MONTADO H|14.17|UN|19208.29|6102|40|0.00|12.00|0.00|0.00|0.00|0.00|0.00|0.00|0.00|
|C170|3|PROD005|INSUMO INDUSTRIAL E|20.24|UN|354.33|6102|40|0.00|12.00|0.00|0.00|0.00|0.00|0.00|0.00|0.00|
|C170|4|PROD001|PECA MECANICA TIPO A|5.13|UN|552.53|6102|40|0.00|12.00|0.00|0.00|0.00|0.00|0.00|0.00|0.00|
|C170|5|PROD008|CONJUNTO MONTADO H|11.96|UN|9560.47|6102|00|8597.67|12.00|1031.72|0.00|0.00|0.00|0.00|0.00|0.00|
|C100|1|0|11223344000166|55|00|000000412|000|17012024|19012024|4299.06|4075.19|489.02|0.00|0.00|0.00|0.00|0.00|0.00|0.00|0|22244466000133|
|C170|1|PROD007|PARTE SOBRESSALENTE G|33.44|UN|2912.54|6102|00|2760.92|12.00|331.31|0.00|0.00|0.00|0.00|0.00|0.00|
|C170|2|PROD007|PARTE SOBRESSALENTE G|13.09|UN|1386.52|6102|00|1314.27|12.00|157.71|0.00|0.00|0.00|0.00|0.00|0.00|
|C100|1|0|11223344000166|55|00|000000413|000|23012024|23012024|10621.46|2038.51|244.63|0.00|0.00|0.00|0.00|0.00|0.00|0.00|0|33366699000100|
|C170|1|PROD004|PRODUTO ACABADO D|2.06|UN|1132.71|6101|50|0.00|12.00|0.00|0.00|0.00|0.00|0.00|0.00|0.00|
|C170|2|PROD005|INSUMO INDUSTRIAL E|37.62|UN|1415.90|6101|00|1277.38|12.00|153.29|0.00|0.00|0.00|0.00|0.00|0.00|
|C170|3|PROD005|INSUMO INDUSTRIAL E|40.29|UN|831.61|6101|00|761.13|12.00|91.34|0.00|0.00|0.00|0.00|0.00|0.00|
|C170|4|PROD001|PECA MECANICA TIPO A|22.85|UN|1225.34|6101|40|0.00|12.00|0.00|0.00|0.00|0.00|0.00|0.00|0.00|
|C170|5|PROD004|PRODUTO ACABADO D|6.38|UN|6015.90|6101|70|0.00|12.00|0.00|0.00|0.00|0.00|0.00|0.00|0.00|
|C100|1|0|11223344000166|55|00|000000414|000|22012024|23012024|19956.34|9518.24|1142.19|0.00|0.00|0.00|0.00|0.00|0.00|0.00|0|33366699000100|
|C170|1|PROD003|MATERIAL BRUTO C|2.46|UN|500.43|5101|30|0.00|12.00|0.00|0.00|0.00|0.00|0.00|0.00|0.00|
|C170|2|PROD003|MATERIAL BRUTO C|31.96|UN|9774.94|5101|00|9432.85|12.00|1131.94|0.00|0.00|0.00|0.00|0.00|0.00|
|C170|3|PROD008|CONJUNTO MONTADO H|8.11|UN|9590.68|5101|40|0.00|12.00|0.00|0.00|0.00|0.00|0.00|0.00|0.00|
|C170|4|PROD006|EMBALAGEM PADRAO F|11.02|UN|90.29|5101|10|85.39|12.00|10.25|0.00|0.00|0.00|0.00|0.00|0.00|
|C100|1|0|11223344000166|55|00|000000415|000|02012024|04012024|6656.84|4761.64|571.40|0.00|0.00|0.00|0.00|0.00|0.00|0.00|0|77788899000177|
|C170|1|PROD004|PRODUTO ACABADO D|5.63|UN|4878.28|5403|20|4761.64|12.00|571.40|0.00|0.00|0.00|0.00|0.00|0.00|
|C170|2|PROD006|EMBALAGEM PADRAO F|44.78|UN|268.70|5403|50|0.00|12.00|0.00|0.00|0.00|0.00|0.00|0.00|0.00|
|C170|3|PROD005|INSUMO INDUSTRIAL E|47.72|UN|1509.86|5403|50|0.00|12.00|0.00|0.00|0.00|0.00|0.00|0.00|0.00|
|C100|1|0|11223344000166|55|00|000000416|000|04012024|05012024|44201.12|35230.90|4227.71|0.00|0.00|0.00|0.00|0.00|0.00|0.00|0|55512312300010|
|C170|1|PROD008|CONJUNTO MONTADO H|10.90|UN|12584.70|5101|00|12154.89|12.00|1458.59|0.00|0.00|0.00|0.00|0.00|0.00|
|C170|2|PROD004|PRODUTO ACABADO D|29.58|UN|26233.32|5101|20|23076.01|12.00|2769.12|0.00|0.00|0.00|0.00|0.00|0.00|
|C170|3|PROD003|MATERIAL BRUTO C|20.41|UN|5383.10|5101|30|0.00|12.00|0.00|0.00|0.00|0.00|0.00|0.00|0.00|
|C100|1|0|11223344000166|55|00|000000417|000|31012024|03022024|43708.77|14646.41|1757.57|0.00|0.00|0.00|0.00|0.00|0.00|0.00|0|22244466000133|
|C170|1|PROD002|COMPONENTE ELETRICO B|41.14|UN|1553.11|5101|40|0.00|12.00|0.00|0.00|0.00|0.00|0.00|0.00|0.00|
|C170|2|PROD008|CONJUNTO MONTADO H|15.16|UN|13454.41|5101|00|12950.42|12.00|1554.05|0.00|0.00|0.00|0.00|0.00|0.00|
|C170|3|PROD001|PECA MECANICA TIPO A|22.00|UN|1700.82|5101|90|1613.21|12.00|193.59|0.00|0.00|0.00|0.00|0.00|0.00|
|C170|4|PROD006|EMBALAGEM PADRAO F|16.66|UN|90.49|5101|10|82.78|12.00|9.93|0.00|0.00|0.00|0.00|0.00|0.00|
|C170|5|PROD008|CONJUNTO MONTADO H|32.97|UN|26909.94|5101|41|0.00|12.00|0.00|0.00|0.00|0.00|0.00|0.00|0.00|
|C100|1|0|11223344000166|55|00|000000418|000|17012024|17012024|13672.73|0.00|0.00|0.00|0.00|0.00|0.00|0.00|0.00|0.00|0|33366699000100|
|C170|1|PROD004|PRODUTO ACABADO D|15.23|UN|13672.73|6101|40|0.00|12.00|0.00|0.00|0.00|0.00|0.00|0.00|0.00|
|C100|1|0|11223344000166|55|00|000000419|000|06012024|09012024|4972.10|0.00|0.00|0.00|0.00|0.00|0.00|0.00|0.00|0.00|0|99900011000155|
|C170|1|PROD003|MATERIAL BRUTO C|24.21|UN|4972.10|6101|40|0.00|12.00|0.00|0.00|0.00|0.00|0.00|0.00|0.00|
|C100|1|0|11223344000166|55|00|000000420|000|10012024|13012024|731.33|677.93|81.35|0.00|0.00|0.00|0.00|0.00|0.00|0.00|0|22244466000133|
|C170|1|PROD007|PARTE SOBRESSALENTE G|8.13|UN|731.33|6102|20|677.93|12.00|81.35|0.00|0.00|0.00|0.00|0.00|0.00|
|C100|1|0|11223344000166|55|00|000000421|000|27012024|28012024|16811.55|1308.23|156.99|0.00|0.00|0.00|0.00|0.00|0.00|0.00|0|33366699000100|
|C170|1|PROD008|CONJUNTO MONTADO H|15.59|UN|13187.11|5102|40|0.00|12.00|0.00|0.00|0.00|0.00|0.00|0.00|0.00|
|C170|2|PROD003|MATERIAL BRUTO C|7.78|UN|2257.18|5102|30|0.00|12.00|0.00|0.00|0.00|0.00|0.00|0.00|0.00|
|C170|3|PROD002|COMPONENTE ELETRICO B|32.94|UN|1367.26|5102|00|1308.23|12.00|156.99|0.00|0.00|0.00|0.00|0.00|0.00|
|C100|1|0|11223344000166|55|00|000000422|000|17012024|19012024|4666.50|1117.62|134.11|0.00|0.00|0.00|0.00|0.00|0.00|0.00|0|55512312300010|
|C170|1|PROD001|PECA MECANICA TIPO A|13.68|UN|1272.38|6102|00|1117.62|12.00|134.11|0.00|0.00|0.00|0.00|0.00|0.00|
|C170|2|PROD003|MATERIAL BRUTO C|13.52|UN|3394.12|6102|50|0.00|12.00|0.00|0.00|0.00|0.00|0.00|0.00|0.00|
|C100|1|0|11223344000166|55|00|000000423|000|12012024|14012024|8304.86|5012.17|601.46|0.00|0.00|0.00|0.00|0.00|0.00|0.00|0|22244466000133|
|C170|1|PROD007|PARTE SOBRESSALENTE G|47.21|UN|4725.45|5101|51|4549.91|12.00|545.99|0.00|0.00|0.00|0.00|0.00|0.00|
|C170|2|PROD006|EMBALAGEM PADRAO F|49.83|UN|471.42|5101|10|462.26|12.00|55.47|0.00|0.00|0.00|0.00|0.00|0.00|
|C170|3|PROD006|EMBALAGEM PADRAO F|49.11|UN|439.04|5101|60|0.00|12.00|0.00|0.00|0.00|0.00|0.00|0.00|0.00|
|C170|4|PROD007|PARTE SOBRESSALENTE G|7.87|UN|1061.12|5101|40|0.00|12.00|0.00|0.00|0.00|0.00|0.00|0.00|0.00|
|C170|5|PROD007|PARTE SOBRESSALENTE G|14.72|UN|1607.83|5101|70|0.00|12.00|0.00|0.00|0.00|0.00|0.00|0.00|0.00|
|C100|1|0|11223344000166|55|00|000000424|000|06012024|07012024|5596.82|5505.33|660.64|0.00|0.00|0.00|0.00|0.00|0.00|0.00|0|55512312300010|
|C170|1|PROD007|PARTE SOBRESSALENTE G|44.55|UN|5596.82|5101|00|5505.33|12.00|660.64|0.00|0.00|0.00|0.00|0.00|0.00|
|C100|1|0|11223344000166|55|00|000000425|000|29012024|31012024|7741.95|3450.11|414.01|0.00|0.00|0.00|0.00|0.00|0.00|0.00|0|33366699000100|
|C170|1|PROD007|PARTE SOBRESSALENTE G|31.58|UN|3974.41|5102|40|0.00|12.00|0.00|0.00|0.00|0.00|0.00|0.00|0.00|
|C170|2|PROD002|COMPONENTE ELETRICO B|44.62|UN|3767.54|5102|00|3450.11|12.00|414.01|0.00|0.00|0.00|0.00|0.00|0.00|
|C100|1|0|11223344000166|55|00|000000426|000|27012024|30012024|14399.96|13589.99|1630.80|0.00|0.00|0.00|0.00|0.00|0.00|0.00|0|99900011000155|
|C170|1|PROD001|PECA MECANICA TIPO A|43.04|UN|4633.47|6102|10|4332.93|12.00|519.95|0.00|0.00|0.00|0.00|0.00|0.00|
|C170|2|PROD003|MATERIAL BRUTO C|39.76|UN|9766.49|6102|20|9257.06|12.00|1110.85|0.00|0.00|0.00|0.00|0.00|0.00|
|C100|1|0|11223344000166|55|00|000000427|000|23012024|25012024|3514.30|903.51|108.41|0.00|0.00|0.00|0.00|0.00|0.00|0.00|0|22244466000133|
|C170|1|PROD002|COMPONENTE ELETRICO B|4.11|UN|348.86|5101|90|334.20|12.00|40.10|0.00|0.00|0.00|0.00|0.00|0.00|
|C170|2|PROD005|INSUMO INDUSTRIAL E|28.62|UN|553.53|5101|00|479.19|12.00|57.50|0.00|0.00|0.00|0.00|0.00|0.00|
|C170|3|PROD002|COMPONENTE ELETRICO B|43.68|UN|2521.27|5101|40|0.00|12.00|0.00|0.00|0.00|0.00|0.00|0.00|0.00|
|C170|4|PROD006|EMBALAGEM PADRAO F|14.84|UN|90.64|5101|90|90.12|12.00|10.81|0.00|0.00|0.00|0.00|0.00|0.00|
|C100|1|0|11223344000166|55|00|000000428|000|29012024|01022024|82034.80|70032.08|8403.85|0.00|0.00|0.00|0.00|0.00|0.00|0.00|0|22244466000133|
|C170|1|PROD004|PRODUTO ACABADO D|11.91|UN|6229.86|5401|40|0.00|12.00|0.00|0.00|0.00|0.00|0.00|0.00|0.00|
|C170|2|PROD008|CONJUNTO MONTADO H|41.20|UN|52277.13|5401|00|48991.21|12.00|5878.95|0.00|0.00|0.00|0.00|0.00|0.00|
|C170|3|PROD004|PRODUTO ACABADO D|43.74|UN|23527.81|5401|10|21040.87|12.00|2524.90|0.00|0.00|0.00|0.00|0.00|0.00|
|C100|1|0|11223344000166|55|00|000000429|000|22012024|24012024|37206.42|16474.20|1976.90|0.00|0.00|0.00|0.00|0.00|0.00|0.00|0|22244466000133|
|C170|1|PROD005|INSUMO INDUSTRIAL E|36.67|UN|988.54|5401|00|932.05|12.00|111.85|0.00|0.00|0.00|0.00|0.00|0.00|
|C170|2|PROD007|PARTE SOBRESSALENTE G|48.98|UN|6622.72|5401|00|6304.28|12.00|756.51|0.00|0.00|0.00|0.00|0.00|0.00|
|C170|3|PROD003|MATERIAL BRUTO C|31.16|UN|10028.25|5401|10|9237.87|12.00|1108.54|0.00|0.00|0.00|0.00|0.00|0.00|
|C170|4|PROD004|PRODUTO ACABADO D|23.40|UN|19566.91|5401|40|0.00|12.00|0.00|0.00|0.00|0.00|0.00|0.00|0.00|
|C100|1|0|11223344000166|55|00|000000430|000|26012024|29012024|70710.40|39493.14|4739.18|0.00|0.00|0.00|0.00|0.00|0.00|0.00|0|55512312300010|
|C170|1|PROD006|EMBALAGEM PADRAO F|1.67|UN|10.83|5401|10|9.76|12.00|1.17|0.00|0.00|0.00|0.00|0.00|0.00|
|C170|2|PROD007|PARTE SOBRESSALENTE G|20.21|UN|2340.40|5401|00|2137.64|12.00|256.52|0.00|0.00|0.00|0.00|0.00|0.00|
|C170|3|PROD008|CONJUNTO MONTADO H|41.36|UN|42254.86|5401|10|37345.74|12.00|4481.49|0.00|0.00|0.00|0.00|0.00|0.00|
|C170|4|PROD004|PRODUTO ACABADO D|44.38|UN|26104.31|5401|60|0.00|12.00|0.00|0.00|0.00|0.00|0.00|0.00|0.00|
|C100|1|0|11223344000166|55|00|000000431|000|30012024|31012024|47747.31|19568.71|2348.24|0.00|0.00|0.00|0.00|0.00|0.00|0.00|0|22244466000133|
|C170|1|PROD003|MATERIAL BRUTO C|25.66|UN|6346.24|5102|10|5571.01|12.00|668.52|0.00|0.00|0.00|0.00|0.00|0.00|
|C170|2|PROD004|PRODUTO ACABADO D|26.81|UN|26267.80|5102|40|0.00|12.00|0.00|0.00|0.00|0.00|0.00|0.00|0.00|
|C170|3|PROD008|CONJUNTO MONTADO H|14.94|UN|15133.27|5102|00|13997.70|12.00|1679.72|0.00|0.00|0.00|0.00|0.00|0.00|
|C100|1|0|11223344000166|55|00|000000432|000|08012024|09012024|5567.08|0.00|0.00|0.00|0.00|0.00|0.00|0.00|0.00|0.00|0|77788899000177|
|C170|1|PROD001|PECA MECANICA TIPO A|47.82|UN|5567.08|5403|70|0.00|12.00|0.00|0.00|0.00|0.00|0.00|0.00|0.00|
|C100|1|0|11223344000166|55|00|000000433|000|13012024|13012024|48816.40|46241.02|5548.92|0.00|0.00|0.00|0.00|0.00|0.00|0.00|0|22244466000133|
|C170|1|PROD003|MATERIAL BRUTO C|2.79|UN|695.60|5401|30|0.00|12.00|0.00|0.00|0.00|0.00|0.00|0.00|0.00|
|C170|2|PROD008|CONJUNTO MONTADO H|34.86|UN|48120.80|5401|20|46241.02|12.00|5548.92|0.00|0.00|0.00|0.00|0.00|0.00|
|C100|1|0|11223344000166|55|00|000000434|000|30012024|01022024|15795.57|14615.99|1753.92|0.00|0.00|0.00|0.00|0.00|0.00|0.00|0|33366699000100|
|C170|1|PROD006|EMBALAGEM PADRAO F|16.28|UN|115.72|6101|41|0.00|12.00|0.00|0.00|0.00|0.00|0.00|0.00|0.00|
|C170|2|PROD006|EMBALAGEM PADRAO F|25.21|UN|127.04|6101|30|0.00|12.00|0.00|0.00|0.00|0.00|0.00|0.00|0.00|
|C170|3|PROD006|EMBALAGEM PADRAO F|47.90|UN|526.37|6101|60|0.00|12.00|0.00|0.00|0.00|0.00|0.00|0.00|0.00|
|C170|4|PROD004|PRODUTO ACABADO D|15.99|UN|14126.84|6101|00|13813.13|12.00|1657.58|0.00|0.00|0.00|0.00|0.00|0.00|
|C170|5|PROD005|INSUMO INDUSTRIAL E|43.95|UN|899.60|6101|00|802.86|12.00|96.34|0.00|0.00|0.00|0.00|0.00|0.00|
|C100|1|0|11223344000166|55|00|000000435|000|25012024|28012024|4353.87|3914.90|469.79|0.00|0.00|0.00|0.00|0.00|0.00|0.00|0|99900011000155|
|C170|1|PROD002|COMPONENTE ELETRICO B|31.46|UN|2029.55|5403|00|1793.22|12.00|215.19|0.00|0.00|0.00|0.00|0.00|0.00|
|C170|2|PROD001|PECA MECANICA TIPO A|19.98|UN|2324.32|5403|90|2121.68|12.00|254.60|0.00|0.00|0.00|0.00|0.00|0.00|
|C100|1|0|11223344000166|55|00|000000436|000|20012024|20012024|47451.96|41495.01|4979.40|0.00|0.00|0.00|0.00|0.00|0.00|0.00|0|77788899000177|
|C170|1|PROD008|CONJUNTO MONTADO H|45.26|UN|47451.96|5403|20|41495.01|12.00|4979.40|0.00|0.00|0.00|0.00|0.00|0.00|
|C100|1|0|11223344000166|55|00|000000437|000|14012024|16012024|47901.36|35383.63|4246.04|0.00|0.00|0.00|0.00|0.00|0.00|0.00|0|77788899000177|
|C170|1|PROD004|PRODUTO ACABADO D|18.28|UN|16173.99|6102|90|14887.16|12.00|1786.46|0.00|0.00|0.00|0.00|0.00|0.00|
|C170|2|PROD008|CONJUNTO MONTADO H|6.79|UN|5967.45|6102|60|0.00|12.00|0.00|0.00|0.00|0.00|0.00|0.00|0.00|
|C170|3|PROD004|PRODUTO ACABADO D|8.73|UN|4827.14|6102|40|0.00|12.00|0.00|0.00|0.00|0.00|0.00|0.00|0.00|
|C170|4|PROD004|PRODUTO ACABADO D|37.31|UN|20932.78|6102|00|20496.47|12.00|2459.58|0.00|0.00|0.00|0.00|0.00|0.00|
|C100|1|0|11223344000166|55|00|000000438|000|23012024|25012024|3292.86|0.00|0.00|0.00|0.00|0.00|0.00|0.00|0.00|0.00|0|99900011000155|
|C170|1|PROD002|COMPONENTE ELETRICO B|22.09|UN|1316.58|5401|60|0.00|12.00|0.00|0.00|0.00|0.00|0.00|0.00|0.00|
|C170|2|PROD006|EMBALAGEM PADRAO F|21.71|UN|154.37|5401|30|0.00|12.00|0.00|0.00|0.00|0.00|0.00|0.00|0.00|
|C170|3|PROD005|INSUMO INDUSTRIAL E|4.58|UN|140.26|5401|60|0.00|12.00|0.00|0.00|0.00|0.00|0.00|0.00|0.00|
|C170|4|PROD001|PECA MECANICA TIPO A|17.67|UN|1681.65|5401|30|0.00|12.00|0.00|0.00|0.00|0.00|0.00|0.00|0.00|
|C100|1|0|11223344000166|55|00|000000439|000|31012024|01022024|33818.74|952.58|114.31|0.00|0.00|0.00|0.00|0.00|0.00|0.00|0|55512312300010|
|C170|1|PROD006|EMBALAGEM PADRAO F|6.68|UN|51.82|5102|20|47.80|12.00|5.74|0.00|0.00|0.00|0.00|0.00|0.00|
|C170|2|PROD001|PECA MECANICA TIPO A|17.67|UN|1903.48|5102|40|0.00|12.00|0.00|0.00|0.00|0.00|0.00|0.00|0.00|
|C170|3|PROD008|CONJUNTO MONTADO H|41.91|UN|30520.32|5102|41|0.00|12.00|0.00|0.00|0.00|0.00|0.00|0.00|0.00|
|C170|4|PROD002|COMPONENTE ELETRICO B|5.25|UN|311.93|5102|30|0.00|12.00|0.00|0.00|0.00|0.00|0.00|0.00|0.00|
|C170|5|PROD002|COMPONENTE ELETRICO B|19.89|UN|1031.19|5102|20|904.78|12.00|108.57|0.00|0.00|0.00|0.00|0.00|0.00|
|C100|1|0|11223344000166|55|00|000000440|000|18012024|20012024|44350.75|37462.39|4495.49|0.00|0.00|0.00|0.00|0.00|0.00|0.00|0|99900011000155|
|C170|1|PROD001|PECA MECANICA TIPO A|29.83|UN|3317.66|5403|30|0.00|12.00|0.00|0.00|0.00|0.00|0.00|0.00|0.00|
|C170|2|PROD001|PECA MECANICA TIPO A|11.43|UN|1126.04|5403|41|0.00|12.00|0.00|0.00|0.00|0.00|0.00|0.00|0.00|
|C170|3|PROD002|COMPONENTE ELETRICO B|46.73|UN|1542.99|5403|00|1373.55|12.00|164.83|0.00|0.00|0.00|0.00|0.00|0.00|
|C170|4|PROD008|CONJUNTO MONTADO H|46.66|UN|35088.11|5403|20|33205.53|12.00|3984.66|0.00|0.00|0.00|0.00|0.00|0.00|
|C170|5|PROD007|PARTE SOBRESSALENTE G|34.09|UN|3275.95|5403|00|2883.31|12.00|346.00|0.00|0.00|0.00|0.00|0.00|0.00|
|C100|1|0|11223344000166|55|00|000000441|000|17012024|19012024|59752.37|18163.11|2179.57|0.00|0.00|0.00|0.00|0.00|0.00|0.00|0|33366699000100|
|C170|1|PROD008|CONJUNTO MONTADO H|15.25|UN|16168.68|5102|00|15106.17|12.00|1812.74|0.00|0.00|0.00|0.00|0.00|0.00|
|C170|2|PROD001|PECA MECANICA TIPO A|1.30|UN|141.68|5102|20|126.00|12.00|15.12|0.00|0.00|0.00|0.00|0.00|0.00|
|C170|3|PROD007|PARTE SOBRESSALENTE G|43.60|UN|5520.20|5102|40|0.00|12.00|0.00|0.00|0.00|0.00|0.00|0.00|0.00|
|C170|4|PROD007|PARTE SOBRESSALENTE G|24.75|UN|3030.01|5102|90|2930.94|12.00|351.71|0.00|0.00|0.00|0.00|0.00|0.00|
|C170|5|PROD008|CONJUNTO MONTADO H|42.63|UN|34891.80|5102|41|0.00|12.00|0.00|0.00|0.00|0.00|0.00|0.00|0.00|
|C100|1|0|11223344000166|55|00|000000442|000|17012024|20012024|1664.21|229.88|27.59|0.00|0.00|0.00|0.00|0.00|0.00|0.00|0|77788899000177|
|C170|1|PROD005|INSUMO INDUSTRIAL E|7.97|UN|241.87|5101|00|229.88|12.00|27.59|0.00|0.00|0.00|0.00|0.00|0.00|
|C170|2|PROD005|INSUMO INDUSTRIAL E|38.06|UN|1422.34|5101|40|0.00|12.00|0.00|0.00|0.00|0.00|0.00|0.00|0.00|
|C100|1|0|11223344000166|55|00|000000443|000|26012024|26012024|42299.68|37502.37|4500.28|0.00|0.00|0.00|0.00|0.00|0.00|0.00|0|33366699000100|
|C170|1|PROD008|CONJUNTO MONTADO H|37.58|UN|34790.38|5401|10|33571.24|12.00|4028.55|0.00|0.00|0.00|0.00|0.00|0.00|
|C170|2|PROD002|COMPONENTE ELETRICO B|35.31|UN|2599.65|5401|20|2411.54|12.00|289.38|0.00|0.00|0.00|0.00|0.00|0.00|
|C170|3|PROD001|PECA MECANICA TIPO A|41.67|UN|3156.09|5401|40|0.00|12.00|0.00|0.00|0.00|0.00|0.00|0.00|0.00|
|C170|4|PROD001|PECA MECANICA TIPO A|21.80|UN|1753.56|5401|00|1519.59|12.00|182.35|0.00|0.00|0.00|0.00|0.00|0.00|
|C100|1|0|11223344000166|55|00|000000444|000|30012024|30012024|4130.68|3729.88|447.59|0.00|0.00|0.00|0.00|0.00|0.00|0.00|0|99900011000155|
|C170|1|PROD007|PARTE SOBRESSALENTE G|22.34|UN|3357.92|5403|90|2976.30|12.00|357.16|0.00|0.00|0.00|0.00|0.00|0.00|
|C170|2|PROD005|INSUMO INDUSTRIAL E|37.95|UN|772.76|5403|51|753.58|12.00|90.43|0.00|0.00|0.00|0.00|0.00|0.00|
|C100|1|0|11223344000166|55|00|000000445|000|18012024|19012024|25448.44|21087.28|2530.47|0.00|0.00|0.00|0.00|0.00|0.00|0.00|0|22244466000133|
|C170|1|PROD007|PARTE SOBRESSALENTE G|39.87|UN|4240.09|5403|00|4052.79|12.00|486.33|0.00|0.00|0.00|0.00|0.00|0.00|
|C170|2|PROD003|MATERIAL BRUTO C|14.25|UN|3106.01|5403|50|0.00|12.00|0.00|0.00|0.00|0.00|0.00|0.00|0.00|
|C170|3|PROD001|PECA MECANICA TIPO A|8.53|UN|531.96|5403|40|0.00|12.00|0.00|0.00|0.00|0.00|0.00|0.00|0.00|
|C170|4|PROD006|EMBALAGEM PADRAO F|20.85|UN|122.40|5403|00|119.00|12.00|14.28|0.00|0.00|0.00|0.00|0.00|0.00|
|C170|5|PROD008|CONJUNTO MONTADO H|12.73|UN|17447.98|5403|00|16915.49|12.00|2029.86|0.00|0.00|0.00|0.00|0.00|0.00|
|C100|1|0|11223344000166|55|00|000000446|000|29012024|31012024|4373.72|3728.79|447.45|0.00|0.00|0.00|0.00|0.00|0.00|0.00|0|55512312300010|
|C170|1|PROD005|INSUMO INDUSTRIAL E|27.20|UN|409.98|5403|30|0.00|12.00|0.00|0.00|0.00|0.00|0.00|0.00|0.00|
|C170|2|PROD007|PARTE SOBRESSALENTE G|27.01|UN|3134.70|5403|00|2978.09|12.00|357.37|0.00|0.00|0.00|0.00|0.00|0.00|
|C170|3|PROD002|COMPONENTE ELETRICO B|26.05|UN|829.04|5403|90|750.70|12.00|90.08|0.00|0.00|0.00|0.00|0.00|0.00|
|C100|1|0|11223344000166|55|00|000000447|000|26012024|28012024|26.91|0.00|0.00|0.00|0.00|0.00|0.00|0.00|0.00|0.00|0|33366699000100|
|C170|1|PROD006|EMBALAGEM PADRAO F|3.46|UN|26.91|5102|40|0.00|12.00|0.00|0.00|0.00|0.00|0.00|0.00|0.00|
|C100|1|0|11223344000166|55|00|000000448|000|16012024|16012024|61167.33|2941.65|353.00|0.00|0.00|0.00|0.00|0.00|0.00|0.00|0|55512312300010|
|C170|1|PROD004|PRODUTO ACABADO D|45.60|UN|44334.54|5101|40|0.00|12.00|0.00|0.00|0.00|0.00|0.00|0.00|0.00|
|C170|2|PROD005|INSUMO INDUSTRIAL E|12.07|UN|299.65|5101|40|0.00|12.00|0.00|0.00|0.00|0.00|0.00|0.00|0.00|
|C170|3|PROD004|PRODUTO ACABADO D|25.15|UN|13430.51|5101|40|0.00|12.00|0.00|0.00|0.00|0.00|0.00|0.00|0.00|
|C170|4|PROD003|MATERIAL BRUTO C|6.54|UN|2151.33|5101|51|2036.17|12.00|244.34|0.00|0.00|0.00|0.00|0.00|0.00|
|C170|5|PROD002|COMPONENTE ELETRICO B|21.86|UN|951.30|5101|00|905.48|12.00|108.66|0.00|0.00|0.00|0.00|0.00|0.00|
|C100|1|0|11223344000166|55|00|000000449|000|01012024|01012024|795.57|738.17|88.58|0.00|0.00|0.00|0.00|0.00|0.00|0.00|0|55512312300010|
|C170|1|PROD002|COMPONENTE ELETRICO B|2.06|UN|162.28|5102|20|148.34|12.00|17.80|0.00|0.00|0.00|0.00|0.00|0.00|
|C170|2|PROD002|COMPONENTE ELETRICO B|14.87|UN|633.29|5102|90|589.83|12.00|70.78|0.00|0.00|0.00|0.00|0.00|0.00|
|C100|1|0|11223344000166|55|00|000000450|000|20012024|20012024|4402.87|0.00|0.00|0.00|0.00|0.00|0.00|0.00|0.00|0.00|0|22244466000133|
|C170|1|PROD001|PECA MECANICA TIPO A|7.27|UN|567.13|5102|30|0.00|12.00|0.00|0.00|0.00|0.00|0.00|0.00|0.00|
|C170|2|PROD006|EMBALAGEM PADRAO F|30.90|UN|312.39|5102|40|0.00|12.00|0.00|0.00|0.00|0.00|0.00|0.00|0.00|
|C170|3|PROD003|MATERIAL BRUTO C|14.45|UN|3523.35|5102|70|0.00|12.00|0.00|0.00|0.00|0.00|0.00|0.00|0.00|
|C100|1|0|11223344000166|55|00|000000451|000|27012024|27012024|238.30|208.27|24.99|0.00|0.00|0.00|0.00|0.00|0.00|0.00|0|33366699000100|
|C170|1|PROD006|EMBALAGEM PADRAO F|26.75|UN|238.30|6102|00|208.27|12.00|24.99|0.00|0.00|0.00|0.00|0.00|0.00|
|C100|1|0|11223344000166|55|00|000000452|000|29012024|31012024|59072.08|43303.67|5196.44|0.00|0.00|0.00|0.00|0.00|0.00|0.00|0|55512312300010|
|C170|1|PROD004|PRODUTO ACABADO D|40.33|UN|33352.02|5102|00|30242.92|12.00|3629.15|0.00|0.00|0.00|0.00|0.00|0.00|
|C170|2|PROD003|MATERIAL BRUTO C|46.35|UN|12623.53|5102|70|0.00|12.00|0.00|0.00|0.00|0.00|0.00|0.00|0.00|
|C170|3|PROD004|PRODUTO ACABADO D|20.56|UN|11551.32|5102|00|11538.58|12.00|1384.63|0.00|0.00|0.00|0.00|0.00|0.00|
|C170|4|PROD002|COMPONENTE ELETRICO B|37.25|UN|1545.21|5102|00|1522.17|12.00|182.66|0.00|0.00|0.00|0.00|0.00|0.00|
|C100|1|0|11223344000166|55|00|000000453|000|26012024|29012024|15044.96|3632.99|435.96|0.00|0.00|0.00|0.00|0.00|0.00|0.00|0|22244466000133|
|C170|1|PROD007|PARTE SOBRESSALENTE G|26.72|UN|3959.04|5401|10|3632.99|12.00|435.96|0.00|0.00|0.00|0.00|0.00|0.00|
|C170|2|PROD003|MATERIAL BRUTO C|14.84|UN|4970.99|5401|41|0.00|12.00|0.00|0.00|0.00|0.00|0.00|0.00|0.00|
|C170|3|PROD005|INSUMO INDUSTRIAL E|39.26|UN|857.77|5401|40|0.00|12.00|0.00|0.00|0.00|0.00|0.00|0.00|0.00|
|C170|4|PROD003|MATERIAL BRUTO C|18.99|UN|5257.16|5401|70|0.00|12.00|0.00|0.00|0.00|0.00|0.00|0.00|0.00|
|C100|1|0|11223344000166|55|00|000000454|000|06012024|06012024|11379.99|0.00|0.00|0.00|0.00|0.00|0.00|0.00|0.00|0.00|0|33366699000100|
|C170|1|PROD003|MATERIAL BRUTO C|23.31|UN|7462.20|5101|40|0.00|12.00|0.00|0.00|0.00|0.00|0.00|0.00|0.00|
|C170|2|PROD007|PARTE SOBRESSALENTE G|13.94|UN|1684.44|5101|30|0.00|12.00|0.00|0.00|0.00|0.00|0.00|0.00|0.00|
|C170|3|PROD001|PECA MECANICA TIPO A|1.32|UN|77.26|5101|41|0.00|12.00|0.00|0.00|0.00|0.00|0.00|0.00|0.00|
|C170|4|PROD007|PARTE SOBRESSALENTE G|21.85|UN|1834.78|5101|30|0.00|12.00|0.00|0.00|0.00|0.00|0.00|0.00|0.00|
|C170|5|PROD006|EMBALAGEM PADRAO F|38.80|UN|321.31|5101|41|0.00|12.00|0.00|0.00|0.00|0.00|0.00|0.00|0.00|
|C100|1|0|11223344000166|55|00|000000455|000|19012024|20012024|70586.73|59639.02|7156.68|0.00|0.00|0.00|0.00|0.00|0.00|0.00|0|77788899000177|
|C170|1|PROD005|INSUMO INDUSTRIAL E|39.39|UN|1608.73|6102|51|1537.35|12.00|184.48|0.00|0.00|0.00|0.00|0.00|0.00|
|C170|2|PROD003|MATERIAL BRUTO C|9.89|UN|2036.43|6102|30|0.00|12.00|0.00|0.00|0.00|0.00|0.00|0.00|0.00|
|C170|3|PROD004|PRODUTO ACABADO D|30.51|UN|21278.15|6102|90|19017.41|12.00|2282.09|0.00|0.00|0.00|0.00|0.00|0.00|
|C170|4|PROD007|PARTE SOBRESSALENTE G|41.49|UN|5063.20|6102|40|0.00|12.00|0.00|0.00|0.00|0.00|0.00|0.00|0.00|
|C170|5|PROD008|CONJUNTO MONTADO H|44.62|UN|40600.22|6102|00|39084.26|12.00|4690.11|0.00|0.00|0.00|0.00|0.00|0.00|
|C100|1|0|11223344000166|55|00|000000456|000|21012024|21012024|25383.57|22255.25|2670.63|0.00|0.00|0.00|0.00|0.00|0.00|0.00|0|99900011000155|
|C170|1|PROD002|COMPONENTE ELETRICO B|22.74|UN|1826.86|6102|00|1826.39|12.00|219.17|0.00|0.00|0.00|0.00|0.00|0.00|
|C170|2|PROD008|CONJUNTO MONTADO H|19.98|UN|21012.90|6102|00|20428.86|12.00|2451.46|0.00|0.00|0.00|0.00|0.00|0.00|
|C170|3|PROD002|COMPONENTE ELETRICO B|46.74|UN|2543.81|6102|40|0.00|12.00|0.00|0.00|0.00|0.00|0.00|0.00|0.00|
|C100|1|0|11223344000166|55|00|000000457|000|02012024|04012024|7994.87|7182.21|861.87|0.00|0.00|0.00|0.00|0.00|0.00|0.00|0|99900011000155|
|C170|1|PROD003|MATERIAL BRUTO C|19.16|UN|4367.94|6102|00|3783.22|12.00|453.99|0.00|0.00|0.00|0.00|0.00|0.00|
|C170|2|PROD007|PARTE SOBRESSALENTE G|27.77|UN|3462.34|6102|00|3239.96|12.00|388.80|0.00|0.00|0.00|0.00|0.00|0.00|
|C170|3|PROD005|INSUMO INDUSTRIAL E|5.74|UN|164.59|6102|00|159.03|12.00|19.08|0.00|0.00|0.00|0.00|0.00|0.00|
|C100|1|0|11223344000166|55|00|000000458|000|12012024|15012024|37980.28|34026.78|4083.21|0.00|0.00|0.00|0.00|0.00|0.00|0.00|0|55512312300010|
|C170|1|PROD004|PRODUTO ACABADO D|14.70|UN|7934.03|5403|10|7336.75|12.00|880.41|0.00|0.00|0.00|0.00|0.00|0.00|
|C170|2|PROD005|INSUMO INDUSTRIAL E|13.74|UN|451.80|5403|60|0.00|12.00|0.00|0.00|0.00|0.00|0.00|0.00|0.00|
|C170|3|PROD003|MATERIAL BRUTO C|34.11|UN|10724.29|5403|90|10356.08|12.00|1242.73|0.00|0.00|0.00|0.00|0.00|0.00|
|C170|4|PROD004|PRODUTO ACABADO D|36.12|UN|18580.23|5403|20|16333.95|12.00|1960.07|0.00|0.00|0.00|0.00|0.00|0.00|
|C170|5|PROD005|INSUMO INDUSTRIAL E|7.36|UN|289.93|5403|50|0.00|12.00|0.00|0.00|0.00|0.00|0.00|0.00|0.00|
|C100|1|0|11223344000166|55|00|000000459|000|07012024|07012024|30995.37|27443.93|3293.27|0.00|0.00|0.00|0.00|0.00|0.00|0.00|0|22244466000133|
|C170|1|PROD008|CONJUNTO MONTADO H|25.15|UN|30578.00|5102|10|27058.68|12.00|3247.04|0.00|0.00|0.00|0.00|0.00|0.00|
|C170|2|PROD006|EMBALAGEM PADRAO F|24.55|UN|188.52|5102|10|185.74|12.00|22.29|0.00|0.00|0.00|0.00|0.00|0.00|
|C170|3|PROD006|EMBALAGEM PADRAO F|21.90|UN|228.85|5102|00|199.51|12.00|23.94|0.00|0.00|0.00|0.00|0.00|0.00|
|C100|1|0|11223344000166|55|00|000000460|000|04012024|05012024|12782.15|6579.45|789.53|0.00|0.00|0.00|0.00|0.00|0.00|0.00|0|55512312300010|
|C170|1|PROD005|INSUMO INDUSTRIAL E|24.64|UN|754.29|5401|30|0.00|12.00|0.00|0.00|0.00|0.00|0.00|0.00|0.00|
|C170|2|PROD001|PECA MECANICA TIPO A|44.47|UN|5022.11|5401|40|0.00|12.00|0.00|0.00|0.00|0.00|0.00|0.00|0.00|
|C170|3|PROD008|CONJUNTO MONTADO H|5.96|UN|7005.75|5401|00|6579.45|12.00|789.53|0.00|0.00|0.00|0.00|0.00|0.00|
|C100|1|0|11223344000166|55|00|000000461|000|07012024|08012024|37415.13|22178.86|2661.47|0.00|0.00|0.00|0.00|0.00|0.00|0.00|0|99900011000155|
|C170|1|PROD008|CONJUNTO MONTADO H|29.84|UN|22104.58|5403|00|19516.57|12.00|2341.99|0.00|0.00|0.00|0.00|0.00|0.00|
|C170|2|PROD007|PARTE SOBRESSALENTE G|6.37|UN|700.06|5403|20|697.39|12.00|83.69|0.00|0.00|0.00|0.00|0.00|0.00|
|C170|3|PROD008|CONJUNTO MONTADO H|10.67|UN|12622.92|5403|30|0.00|12.00|0.00|0.00|0.00|0.00|0.00|0.00|0.00|
|C170|4|PROD007|PARTE SOBRESSALENTE G|14.54|UN|1987.57|5403|00|1964.90|12.00|235.79|0.00|0.00|0.00|0.00|0.00|0.00|
|C100|1|0|11223344000166|55|00|000000462|000|05012024|07012024|57404.59|0.00|0.00|0.00|0.00|0.00|0.00|0.00|0.00|0.00|0|77788899000177|
|C170|1|PROD008|CONJUNTO MONTADO H|6.03|UN|4784.91|5102|40|0.00|12.00|0.00|0.00|0.00|0.00|0.00|0.00|0.00|
|C170|2|PROD008|CONJUNTO MONTADO H|46.03|UN|52015.28|5102|40|0.00|12.00|0.00|0.00|0.00|0.00|0.00|0.00|0.00|
|C170|3|PROD006|EMBALAGEM PADRAO F|49.50|UN|573.75|5102|30|0.00|12.00|0.00|0.00|0.00|0.00|0.00|0.00|0.00|
|C170|4|PROD006|EMBALAGEM PADRAO F|4.46|UN|30.65|5102|60|0.00|12.00|0.00|0.00|0.00|0.00|0.00|0.00|0.00|
|C100|1|0|11223344000166|55|00|000000463|000|15012024|18012024|2431.50|245.64|29.48|0.00|0.00|0.00|0.00|0.00|0.00|0.00|0|22244466000133|
|C170|1|PROD002|COMPONENTE ELETRICO B|3.47|UN|255.78|5101|00|245.64|12.00|29.48|0.00|0.00|0.00|0.00|0.00|0.00|
|C170|2|PROD006|EMBALAGEM PADRAO F|23.77|UN|243.85|5101|60|0.00|12.00|0.00|0.00|0.00|0.00|0.00|0.00|0.00|
|C170|3|PROD005|INSUMO INDUSTRIAL E|6.45|UN|187.14|5101|40|0.00|12.00|0.00|0.00|0.00|0.00|0.00|0.00|0.00|
|C170|4|PROD002|COMPONENTE ELETRICO B|28.73|UN|1744.73|5101|40|0.00|12.00|0.00|0.00|0.00|0.00|0.00|0.00|0.00|
|C100|1|0|11223344000166|55|00|000000464|000|25012024|27012024|2561.78|0.00|0.00|0.00|0.00|0.00|0.00|0.00|0.00|0.00|0|33366699000100|
|C170|1|PROD004|PRODUTO ACABADO D|3.23|UN|2407.89|5101|60|0.00|12.00|0.00|0.00|0.00|0.00|0.00|0.00|0.00|
|C170|2|PROD006|EMBALAGEM PADRAO F|17.31|UN|153.89|5101|40|0.00|12.00|0.00|0.00|0.00|0.00|0.00|0.00|0.00|
|C100|1|0|11223344000166|55|00|000000465|000|15012024|17012024|20081.16|5457.13|654.86|0.00|0.00|0.00|0.00|0.00|0.00|0.00|0|99900011000155|
|C170|1|PROD003|MATERIAL BRUTO C|42.71|UN|14496.03|6102|30|0.00|12.00|0.00|0.00|0.00|0.00|0.00|0.00|0.00|
|C170|2|PROD003|MATERIAL BRUTO C|16.44|UN|5585.13|6102|00|5457.13|12.00|654.86|0.00|0.00|0.00|0.00|0.00|0.00|
|C100|1|0|11223344000166|55|00|000000466|000|20012024|22012024|60757.17|52672.24|6320.67|0.00|0.00|0.00|0.00|0.00|0.00|0.00|0|33366699000100|
|C170|1|PROD008|CONJUNTO MONTADO H|46.38|UN|54205.90|6102|20|48643.01|12.00|5837.16|0.00|0.00|0.00|0.00|0.00|0.00|
|C170|2|PROD002|COMPONENTE ELETRICO B|37.75|UN|1982.36|6102|40|0.00|12.00|0.00|0.00|0.00|0.00|0.00|0.00|0.00|
|C170|3|PROD004|PRODUTO ACABADO D|4.73|UN|4568.91|6102|90|4029.23|12.00|483.51|0.00|0.00|0.00|0.00|0.00|0.00|
|C100|1|0|11223344000166|55|00|000000467|000|27012024|28012024|17464.54|15516.79|1862.02|0.00|0.00|0.00|0.00|0.00|0.00|0.00|0|99900011000155|
|C170|1|PROD007|PARTE SOBRESSALENTE G|10.79|UN|1630.26|6102|20|1431.72|12.00|171.81|0.00|0.00|0.00|0.00|0.00|0.00|
|C170|2|PROD008|CONJUNTO MONTADO H|9.49|UN|9265.76|6102|10|7948.07|12.00|953.77|0.00|0.00|0.00|0.00|0.00|0.00|
|C170|3|PROD008|CONJUNTO MONTADO H|5.74|UN|6568.52|6102|10|6137.00|12.00|736.44|0.00|0.00|0.00|0.00|0.00|0.00|
|C100|1|0|11223344000166|55|00|000000468|000|25012024|26012024|17998.38|12397.14|1487.66|0.00|0.00|0.00|0.00|0.00|0.00|0.00|0|55512312300010|
|C170|1|PROD003|MATERIAL BRUTO C|47.77|UN|10221.30|5101|20|9712.33|12.00|1165.48|0.00|0.00|0.00|0.00|0.00|0.00|
|C170|2|PROD007|PARTE SOBRESSALENTE G|21.97|UN|3385.23|5101|40|0.00|12.00|0.00|0.00|0.00|0.00|0.00|0.00|0.00|
|C170|3|PROD002|COMPONENTE ELETRICO B|35.87|UN|2707.09|5101|00|2684.81|12.00|322.18|0.00|0.00|0.00|0.00|0.00|0.00|
|C170|4|PROD005|INSUMO INDUSTRIAL E|4.88|UN|95.40|5101|41|0.00|12.00|0.00|0.00|0.00|0.00|0.00|0.00|0.00|
|C170|5|PROD001|PECA MECANICA TIPO A|16.34|UN|1589.36|5101|30|0.00|12.00|0.00|0.00|0.00|0.00|0.00|0.00|0.00|
|C100|1|0|11223344000166|55|00|000000469|000|02012024|02012024|34874.00|0.00|0.00|0.00|0.00|0.00|0.00|0.00|0.00|0.00|0|55512312300010|
|C170|1|PROD004|PRODUTO ACABADO D|49.48|UN|34874.00|6101|41|0.00|12.00|0.00|0.00|0.00|0.00|0.00|0.00|0.00|
|C100|1|0|11223344000166|55|00|000000470|000|29012024|29012024|15308.43|853.64|102.44|0.00|0.00|0.00|0.00|0.00|0.00|0.00|0|77788899000177|
|C170|1|PROD007|PARTE SOBRESSALENTE G|8.53|UN|880.04|6102|20|853.64|12.00|102.44|0.00|0.00|0.00|0.00|0.00|0.00|
|C170|2|PROD003|MATERIAL BRUTO C|42.08|UN|14428.39|6102|40|0.00|12.00|0.00|0.00|0.00|0.00|0.00|0.00|0.00|
|C100|1|0|11223344000166|55|00|000000471|000|14012024|17012024|45320.63|38621.86|4634.62|0.00|0.00|0.00|0.00|0.00|0.00|0.00|0|55512312300010|
|C170|1|PROD003|MATERIAL BRUTO C|32.23|UN|10229.16|5401|00|8985.77|12.00|1078.29|0.00|0.00|0.00|0.00|0.00|0.00|
|C170|2|PROD004|PRODUTO ACABADO D|48.59|UN|34554.52|5401|00|29636.09|12.00|3556.33|0.00|0.00|0.00|0.00|0.00|0.00|
|C170|3|PROD006|EMBALAGEM PADRAO F|45.39|UN|536.95|5401|60|0.00|12.00|0.00|0.00|0.00|0.00|0.00|0.00|0.00|
|C100|1|0|11223344000166|55|00|000000472|000|16012024|18012024|76139.69|36061.76|4327.41|0.00|0.00|0.00|0.00|0.00|0.00|0.00|0|33366699000100|
|C170|1|PROD008|CONJUNTO MONTADO H|28.23|UN|33347.33|5102|20|33224.16|12.00|3986.90|0.00|0.00|0.00|0.00|0.00|0.00|
|C170|2|PROD008|CONJUNTO MONTADO H|24.30|UN|30119.19|5102|50|0.00|12.00|0.00|0.00|0.00|0.00|0.00|0.00|0.00|
|C170|3|PROD002|COMPONENTE ELETRICO B|34.74|UN|2866.38|5102|10|2837.60|12.00|340.51|0.00|0.00|0.00|0.00|0.00|0.00|
|C170|4|PROD003|MATERIAL BRUTO C|32.48|UN|9506.18|5102|40|0.00|12.00|0.00|0.00|0.00|0.00|0.00|0.00|0.00|
|C170|5|PROD006|EMBALAGEM PADRAO F|36.17|UN|300.61|5102|50|0.00|12.00|0.00|0.00|0.00|0.00|0.00|0.00|0.00|
|C100|1|0|11223344000166|55|00|000000473|000|17012024|20012024|5884.40|5301.24|636.15|0.00|0.00|0.00|0.00|0.00|0.00|0.00|0|55512312300010|
|C170|1|PROD007|PARTE SOBRESSALENTE G|22.04|UN|2178.80|5401|00|2021.39|12.00|242.57|0.00|0.00|0.00|0.00|0.00|0.00|
|C170|2|PROD003|MATERIAL BRUTO C|3.79|UN|1127.50|5401|00|1019.95|12.00|122.39|0.00|0.00|0.00|0.00|0.00|0.00|
|C170|3|PROD005|INSUMO INDUSTRIAL E|4.87|UN|186.00|5401|90|182.59|12.00|21.91|0.00|0.00|0.00|0.00|0.00|0.00|
|C170|4|PROD001|PECA MECANICA TIPO A|38.32|UN|1941.52|5401|00|1655.71|12.00|198.69|0.00|0.00|0.00|0.00|0.00|0.00|
|C170|5|PROD006|EMBALAGEM PADRAO F|45.28|UN|450.58|5401|00|421.60|12.00|50.59|0.00|0.00|0.00|0.00|0.00|0.00|
|C100|1|0|11223344000166|55|00|000000474|000|02012024|05012024|11390.45|0.00|0.00|0.00|0.00|0.00|0.00|0.00|0.00|0.00|0|33366699000100|
|C170|1|PROD008|CONJUNTO MONTADO H|2.88|UN|2129.98|6102|60|0.00|12.00|0.00|0.00|0.00|0.00|0.00|0.00|0.00|
|C170|2|PROD005|INSUMO INDUSTRIAL E|46.15|UN|1799.89|6102|70|0.00|12.00|0.00|0.00|0.00|0.00|0.00|0.00|0.00|
|C170|3|PROD007|PARTE SOBRESSALENTE G|49.71|UN|7460.58|6102|60|0.00|12.00|0.00|0.00|0.00|0.00|0.00|0.00|0.00|
|C100|1|0|11223344000166|55|00|000000475|000|14012024|15012024|3264.92|2881.57|345.79|0.00|0.00|0.00|0.00|0.00|0.00|0.00|0|33366699000100|
|C170|1|PROD001|PECA MECANICA TIPO A|39.72|UN|3264.92|6101|00|2881.57|12.00|345.79|0.00|0.00|0.00|0.00|0.00|0.00|
|C100|1|0|11223344000166|55|00|000000476|000|07012024|10012024|25479.89|1953.24|234.39|0.00|0.00|0.00|0.00|0.00|0.00|0.00|0|99900011000155|
|C170|1|PROD002|COMPONENTE ELETRICO B|24.11|UN|2048.97|6102|90|1862.65|12.00|223.52|0.00|0.00|0.00|0.00|0.00|0.00|
|C170|2|PROD002|COMPONENTE ELETRICO B|1.88|UN|94.78|6102|20|90.59|12.00|10.87|0.00|0.00|0.00|0.00|0.00|0.00|
|C170|3|PROD006|EMBALAGEM PADRAO F|45.43|UN|277.11|6102|40|0.00|12.00|0.00|0.00|0.00|0.00|0.00|0.00|0.00|
|C170|4|PROD008|CONJUNTO MONTADO H|20.74|UN|23059.03|6102|60|0.00|12.00|0.00|0.00|0.00|0.00|0.00|0.00|0.00|
|C100|1|0|11223344000166|55|00|000000477|000|05012024|05012024|4728.69|4166.55|499.98|0.00|0.00|0.00|0.00|0.00|0.00|0.00|0|22244466000133|
|C170|1|PROD003|MATERIAL BRUTO C|13.32|UN|3682.47|5101|20|3256.70|12.00|390.80|0.00|0.00|0.00|0.00|0.00|0.00|
|C170|2|PROD007|PARTE SOBRESSALENTE G|8.21|UN|1046.22|5101|10|909.85|12.00|109.18|0.00|0.00|0.00|0.00|0.00|0.00|
|C100|1|0|11223344000166|55|00|000000478|000|04012024|04012024|2022.12|0.00|0.00|0.00|0.00|0.00|0.00|0.00|0.00|0.00|0|99900011000155|
|C170|1|PROD002|COMPONENTE ELETRICO B|29.82|UN|2022.12|6101|30|0.00|12.00|0.00|0.00|0.00|0.00|0.00|0.00|0.00|
|C100|1|0|11223344000166|55|00|000000479|000|12012024|12012024|48260.05|31149.89|3737.99|0.00|0.00|0.00|0.00|0.00|0.00|0.00|0|77788899000177|
|C170|1|PROD008|CONJUNTO MONTADO H|25.40|UN|33539.74|5102|00|31149.89|12.00|3737.99|0.00|0.00|0.00|0.00|0.00|0.00|
|C170|2|PROD002|COMPONENTE ELETRICO B|26.64|UN|1825.11|5102|60|0.00|12.00|0.00|0.00|0.00|0.00|0.00|0.00|0.00|
|C170|3|PROD004|PRODUTO ACABADO D|15.55|UN|12895.20|5102|60|0.00|12.00|0.00|0.00|0.00|0.00|0.00|0.00|0.00|
|C100|1|0|11223344000166|55|00|000000480|000|17012024|20012024|66.89|58.84|7.06|0.00|0.00|0.00|0.00|0.00|0.00|0.00|0|99900011000155|
|C170|1|PROD006|EMBALAGEM PADRAO F|11.45|UN|66.89|6101|20|58.84|12.00|7.06|0.00|0.00|0.00|0.00|0.00|0.00|
|C100|1|0|11223344000166|55|00|000000481|000|18012024|19012024|1143.42|879.78|105.57|0.00|0.00|0.00|0.00|0.00|0.00|0.00|0|77788899000177|
|C170|1|PROD005|INSUMO INDUSTRIAL E|42.28|UN|999.17|6102|00|879.78|12.00|105.57|0.00|0.00|0.00|0.00|0.00|0.00|
|C170|2|PROD006|EMBALAGEM PADRAO F|26.96|UN|144.25|6102|60|0.00|12.00|0.00|0.00|0.00|0.00|0.00|0.00|0.00|
|C100|1|0|11223344000166|55|00|000000482|000|26012024|28012024|28548.68|17946.44|2153.57|0.00|0.00|0.00|0.00|0.00|0.00|0.00|0|33366699000100|
|C170|1|PROD006|EMBALAGEM PADRAO F|9.96|UN|118.15|5101|60|0.00|12.00|0.00|0.00|0.00|0.00|0.00|0.00|0.00|
|C170|2|PROD004|PRODUTO ACABADO D|21.63|UN|19474.79|5101|00|17946.44|12.00|2153.57|0.00|0.00|0.00|0.00|0.00|0.00|
|C170|3|PROD003|MATERIAL BRUTO C|40.03|UN|8955.74|5101|40|0.00|12.00|0.00|0.00|0.00|0.00|0.00|0.00|0.00|
|C100|1|0|11223344000166|55|00|000000483|000|20012024|20012024|1365.61|0.00|0.00|0.00|0.00|0.00|0.00|0.00|0.00|0.00|0|99900011000155|
|C170|1|PROD001|PECA MECANICA TIPO A|24.02|UN|1365.61|5401|50|0.00|12.00|0.00|0.00|0.00|0.00|0.00|0.00|0.00|
|C100|1|0|11223344000166|55|00|000000484|000|17012024|20012024|24553.82|22528.41|2703.41|0.00|0.00|0.00|0.00|0.00|0.00|0.00|0|22244466000133|
|C170|1|PROD006|EMBALAGEM PADRAO F|1.03|UN|11.13|5403|70|0.00|12.00|0.00|0.00|0.00|0.00|0.00|0.00|0.00|
|C170|2|PROD006|EMBALAGEM PADRAO F|37.79|UN|269.46|5403|20|240.44|12.00|28.85|0.00|0.00|0.00|0.00|0.00|0.00|
|C170|3|PROD008|CONJUNTO MONTADO H|25.32|UN|24273.23|5403|20|22287.97|12.00|2674.56|0.00|0.00|0.00|0.00|0.00|0.00|
|C100|1|0|11223344000166|55|00|000000485|000|29012024|01022024|18559.30|5356.95|642.83|0.00|0.00|0.00|0.00|0.00|0.00|0.00|0|77788899000177|
|C170|1|PROD007|PARTE SOBRESSALENTE G|24.34|UN|3797.86|6102|00|3318.76|12.00|398.25|0.00|0.00|0.00|0.00|0.00|0.00|
|C170|2|PROD002|COMPONENTE ELETRICO B|45.48|UN|2151.39|6102|00|2038.19|12.00|244.58|0.00|0.00|0.00|0.00|0.00|0.00|
|C170|3|PROD002|COMPONENTE ELETRICO B|32.22|UN|1395.77|6102|40|0.00|12.00|0.00|0.00|0.00|0.00|0.00|0.00|0.00|
|C170|4|PROD003|MATERIAL BRUTO C|46.30|UN|9583.59|6102|40|0.00|12.00|0.00|0.00|0.00|0.00|0.00|0.00|0.00|
|C170|5|PROD005|INSUMO INDUSTRIAL E|39.05|UN|1630.69|6102|40|0.00|12.00|0.00|0.00|0.00|0.00|0.00|0.00|0.00|
|C100|1|0|11223344000166|55|00|000000486|000|12012024|13012024|765.18|0.00|0.00|0.00|0.00|0.00|0.00|0.00|0.00|0.00|0|99900011000155|
|C170|1|PROD002|COMPONENTE ELETRICO B|24.74|UN|765.18|5401|60|0.00|12.00|0.00|0.00|0.00|0.00|0.00|0.00|0.00|
|C100|1|0|11223344000166|55|00|000000487|000|08012024|11012024|4288.91|2100.27|252.03|0.00|0.00|0.00|0.00|0.00|0.00|0.00|0|33366699000100|
|C170|1|PROD006|EMBALAGEM PADRAO F|14.21|UN|128.14|5101|50|0.00|12.00|0.00|0.00|0.00|0.00|0.00|0.00|0.00|
|C170|2|PROD001|PECA MECANICA TIPO A|28.28|UN|1671.91|5101|50|0.00|12.00|0.00|0.00|0.00|0.00|0.00|0.00|0.00|
|C170|3|PROD002|COMPONENTE ELETRICO B|45.35|UN|2308.87|5101|00|2100.27|12.00|252.03|0.00|0.00|0.00|0.00|0.00|0.00|
|C170|4|PROD007|PARTE SOBRESSALENTE G|1.31|UN|179.99|5101|40|0.00|12.00|0.00|0.00|0.00|0.00|0.00|0.00|0.00|
|C100|1|0|11223344000166|55|00|000000488|000|21012024|22012024|48568.66|40452.51|4854.29|0.00|0.00|0.00|0.00|0.00|0.00|0.00|0|99900011000155|
|C170|1|PROD008|CONJUNTO MONTADO H|2.26|UN|1640.05|5101|40|0.00|12.00|0.00|0.00|0.00|0.00|0.00|0.00|0.00|
|C170|2|PROD003|MATERIAL BRUTO C|34.77|UN|11044.03|5101|10|9840.02|12.00|1180.80|0.00|0.00|0.00|0.00|0.00|0.00|
|C170|3|PROD003|MATERIAL BRUTO C|1.62|UN|510.57|5101|00|459.27|12.00|55.11|0.00|0.00|0.00|0.00|0.00|0.00|
|C170|4|PROD004|PRODUTO ACABADO D|32.04|UN|31345.74|5101|20|26694.03|12.00|3203.28|0.00|0.00|0.00|0.00|0.00|0.00|
|C170|5|PROD003|MATERIAL BRUTO C|19.88|UN|4028.27|5101|10|3459.19|12.00|415.10|0.00|0.00|0.00|0.00|0.00|0.00|
|C100|1|0|11223344000166|55|00|000000489|000|04012024|07012024|63229.35|56256.06|6750.73|0.00|0.00|0.00|0.00|0.00|0.00|0.00|0|99900011000155|
|C170|1|PROD006|EMBALAGEM PADRAO F|49.78|UN|340.01|5101|40|0.00|12.00|0.00|0.00|0.00|0.00|0.00|0.00|0.00|
|C170|2|PROD002|COMPONENTE ELETRICO B|28.33|UN|1335.24|5101|40|0.00|12.00|0.00|0.00|0.00|0.00|0.00|0.00|0.00|
|C170|3|PROD002|COMPONENTE ELETRICO B|18.81|UN|783.90|5101|41|0.00|12.00|0.00|0.00|0.00|0.00|0.00|0.00|0.00|
|C170|4|PROD008|CONJUNTO MONTADO H|36.24|UN|34569.76|5101|51|31055.93|12.00|3726.71|0.00|0.00|0.00|0.00|0.00|0.00|
|C170|5|PROD004|PRODUTO ACABADO D|49.36|UN|26200.44|5101|00|25200.13|12.00|3024.02|0.00|0.00|0.00|0.00|0.00|0.00|
|C100|1|0|11223344000166|55|00|000000490|000|17012024|18012024|50197.25|40332.96|4839.96|0.00|0.00|0.00|0.00|0.00|0.00|0.00|0|99900011000155|
|C170|1|PROD002|COMPONENTE ELETRICO B|23.30|UN|1786.25|6101|51|1666.25|12.00|199.95|0.00|0.00|0.00|0.00|0.00|0.00|
|C170|2|PROD007|PARTE SOBRESSALENTE G|21.34|UN|3047.49|6101|41|0.00|12.00|0.00|0.00|0.00|0.00|0.00|0.00|0.00|
|C170|3|PROD007|PARTE SOBRESSALENTE G|34.68|UN|4744.99|6101|60|0.00|12.00|0.00|0.00|0.00|0.00|0.00|0.00|0.00|
|C170|4|PROD008|CONJUNTO MONTADO H|36.78|UN|38353.94|6101|00|36478.90|12.00|4377.47|0.00|0.00|0.00|0.00|0.00|0.00|
|C170|5|PROD001|PECA MECANICA TIPO A|27.55|UN|2264.58|6101|00|2187.81|12.00|262.54|0.00|0.00|0.00|0.00|0.00|0.00|
|C100|1|0|11223344000166|55|00|000000491|000|02012024|05012024|36934.13|33743.00|4049.16|0.00|0.00|0.00|0.00|0.00|0.00|0.00|0|77788899000177|
|C170|1|PROD007|PARTE SOBRESSALENTE G|32.86|UN|3626.54|5401|51|3219.73|12.00|386.37|0.00|0.00|0.00|0.00|0.00|0.00|
|C170|2|PROD007|PARTE SOBRESSALENTE G|37.42|UN|3581.94|5401|00|3438.16|12.00|412.58|0.00|0.00|0.00|0.00|0.00|0.00|
|C170|3|PROD004|PRODUTO ACABADO D|31.38|UN|29725.65|5401|00|27085.11|12.00|3250.21|0.00|0.00|0.00|0.00|0.00|0.00|
|C100|1|0|11223344000166|55|00|000000492|000|06012024|06012024|18479.39|13816.24|1657.95|0.00|0.00|0.00|0.00|0.00|0.00|0.00|0|22244466000133|
|C170|1|PROD004|PRODUTO ACABADO D|5.16|UN|4132.90|5403|40|0.00|12.00|0.00|0.00|0.00|0.00|0.00|0.00|0.00|
|C170|2|PROD005|INSUMO INDUSTRIAL E|36.45|UN|575.26|5403|51|549.50|12.00|65.94|0.00|0.00|0.00|0.00|0.00|0.00|
|C170|3|PROD005|INSUMO INDUSTRIAL E|35.20|UN|696.71|5403|20|667.64|12.00|80.12|0.00|0.00|0.00|0.00|0.00|0.00|
|C170|4|PROD004|PRODUTO ACABADO D|26.04|UN|13074.52|5403|20|12599.10|12.00|1511.89|0.00|0.00|0.00|0.00|0.00|0.00|
|C100|1|0|11223344000166|55|00|000000493|000|27012024|27012024|7125.34|0.00|0.00|0.00|0.00|0.00|0.00|0.00|0.00|0.00|0|77788899000177|
|C170|1|PROD003|MATERIAL BRUTO C|31.78|UN|7125.34|5102|40|0.00|12.00|0.00|0.00|0.00|0.00|0.00|0.00|0.00|
|C100|1|0|11223344000166|55|00|000000494|000|21012024|21012024|14969.34|13322.11|1598.65|0.00|0.00|0.00|0.00|0.00|0.00|0.00|0|33366699000100|
|C170|1|PROD004|PRODUTO ACABADO D|23.94|UN|14237.70|6102|00|12989.19|12.00|1558.70|0.00|0.00|0.00|0.00|0.00|0.00|
|C170|2|PROD005|INSUMO INDUSTRIAL E|6.25|UN|131.25|6102|10|115.90|12.00|13.91|0.00|0.00|0.00|0.00|0.00|0.00|
|C170|3|PROD006|EMBALAGEM PADRAO F|42.26|UN|252.27|6102|00|217.02|12.00|26.04|0.00|0.00|0.00|0.00|0.00|0.00|
|C170|4|PROD002|COMPONENTE ELETRICO B|5.34|UN|348.12|6102|60|0.00|12.00|0.00|0.00|0.00|0.00|0.00|0.00|0.00|
|C100|1|0|11223344000166|55|00|000000495|000|30012024|30012024|5323.87|3375.08|405.01|0.00|0.00|0.00|0.00|0.00|0.00|0.00|0|77788899000177|
|C170|1|PROD005|INSUMO INDUSTRIAL E|46.71|UN|1529.88|5403|70|0.00|12.00|0.00|0.00|0.00|0.00|0.00|0.00|0.00|
|C170|2|PROD008|CONJUNTO MONTADO H|4.75|UN|3793.99|5403|00|3375.08|12.00|405.01|0.00|0.00|0.00|0.00|0.00|0.00|
|C100|1|0|11223344000166|55|00|000000496|000|24012024|27012024|6806.25|1771.99|212.64|0.00|0.00|0.00|0.00|0.00|0.00|0.00|0|77788899000177|
|C170|1|PROD008|CONJUNTO MONTADO H|4.79|UN|4842.18|5401|40|0.00|12.00|0.00|0.00|0.00|0.00|0.00|0.00|0.00|
|C170|2|PROD001|PECA MECANICA TIPO A|17.30|UN|1964.07|5401|00|1771.99|12.00|212.64|0.00|0.00|0.00|0.00|0.00|0.00|
|C100|1|0|11223344000166|55|00|000000497|000|02012024|02012024|49322.64|32600.92|3912.11|0.00|0.00|0.00|0.00|0.00|0.00|0.00|0|55512312300010|
|C170|1|PROD006|EMBALAGEM PADRAO F|31.76|UN|177.23|5101|40|0.00|12.00|0.00|0.00|0.00|0.00|0.00|0.00|0.00|
|C170|2|PROD004|PRODUTO ACABADO D|42.02|UN|38197.30|5101|51|32600.92|12.00|3912.11|0.00|0.00|0.00|0.00|0.00|0.00|
|C170|3|PROD003|MATERIAL BRUTO C|35.31|UN|7629.49|5101|50|0.00|12.00|0.00|0.00|0.00|0.00|0.00|0.00|0.00|
|C170|4|PROD001|PECA MECANICA TIPO A|36.55|UN|2706.16|5101|50|0.00|12.00|0.00|0.00|0.00|0.00|0.00|0.00|0.00|
|C170|5|PROD007|PARTE SOBRESSALENTE G|6.56|UN|612.46|5101|30|0.00|12.00|0.00|0.00|0.00|0.00|0.00|0.00|0.00|
|C100|1|0|11223344000166|55|00|000000498|000|02012024|03012024|9621.95|1518.72|182.25|0.00|0.00|0.00|0.00|0.00|0.00|0.00|0|33366699000100|
|C170|1|PROD007|PARTE SOBRESSALENTE G|28.33|UN|3260.84|5403|40|0.00|12.00|0.00|0.00|0.00|0.00|0.00|0.00|0.00|
|C170|2|PROD002|COMPONENTE ELETRICO B|14.93|UN|1231.41|5403|20|1211.74|12.00|145.41|0.00|0.00|0.00|0.00|0.00|0.00|
|C170|3|PROD001|PECA MECANICA TIPO A|6.27|UN|354.22|5403|00|306.98|12.00|36.84|0.00|0.00|0.00|0.00|0.00|0.00|
|C170|4|PROD004|PRODUTO ACABADO D|6.99|UN|4775.48|5403|30|0.00|12.00|0.00|0.00|0.00|0.00|0.00|0.00|0.00|
|C100|1|0|11223344000166|55|00|000000499|000|26012024|29012024|6200.51|5743.90|689.27|0.00|0.00|0.00|0.00|0.00|0.00|0.00|0|55512312300010|
|C170|1|PROD001|PECA MECANICA TIPO A|15.50|UN|1558.90|5401|10|1464.47|12.00|175.74|0.00|0.00|0.00|0.00|0.00|0.00|
|C170|2|PROD005|INSUMO INDUSTRIAL E|41.01|UN|1132.72|5401|51|1126.01|12.00|135.12|0.00|0.00|0.00|0.00|0.00|0.00|
|C170|3|PROD005|INSUMO INDUSTRIAL E|37.51|UN|867.54|5401|51|817.32|12.00|98.08|0.00|0.00|0.00|0.00|0.00|0.00|
|C170|4|PROD007|PARTE SOBRESSALENTE G|31.27|UN|2641.35|5401|00|2336.10|12.00|280.33|0.00|0.00|0.00|0.00|0.00|0.00|
|C100|1|0|11223344000166|55|00|000000500|000|31012024|02022024|9771.51|0.00|0.00|0.00|0.00|0.00|0.00|0.00|0.00|0.00|0|77788899000177|
|C170|1|PROD001|PECA MECANICA TIPO A|42.68|UN|4804.06|5403|40|0.00|12.00|0.00|0.00|0.00|0.00|0.00|0.00|0.00|
|C170|2|PROD007|PARTE SOBRESSALENTE G|18.45|UN|2098.05|5403|60|0.00|12.00|0.00|0.00|0.00|0.00|0.00|0.00|0.00|
|C170|3|PROD007|PARTE SOBRESSALENTE G|19.48|UN|2869.40|5403|50|0.00|12.00|0.00|0.00|0.00|0.00|0.00|0.00|0.00|
|C990|2028|
|E001|0|
|E100|01012024|31012024|
|E110|758149.08|0.00|0.00|758149.08|187.12|0.00|0.00|0.00|0.00|0.00|301069.24|301069.24|0.00|0.00|0.00|0.00|0.00|0.00|0.00|0.00|457243.98|
|E990|4|
|9001|0|
|9900|0000|1|
|9900|0001|1|
|9900|0005|1|
|9900|0150|5|
|9900|0990|1|
|9900|9001|1|
|9900|C001|1|
|9900|C100|500|
|9900|C170|1526|
|9900|C990|1|
|9900|E001|1|
|9900|E100|1|
|9900|E110|1|
|9900|E990|1|
|9990|17|
|9999|2058|
