|0000|LEIAUTE 17|01022024|29022024|11223344000166|GAMMA DISTRIBUIDORA EIRELI|RS|333333333333||PORTO ALEGRE|4314902|0|0|
|0001|0|
|0005|GAMMA DISTRIBUIDORA EIRELI|XX.XXX.XXX/XXXX-XX|11223344000166|contato@empresa.com.br|(11) 0000-0000|
|0150|55512312300010|FORNECEDOR NACIONAL LTDA|SP|444444444444||||55512312300010||
|0150|77788899000177|CLIENTE VAREJO SA|RJ|555555555555||||77788899000177||
|0150|33366699000100|DISTRIBUIDORA CENTRO OESTE|GO|666666666666||||33366699000100||
|0150|22244466000133|INDUSTRIA DO NORTE LTDA|PA|777777777777||||22244466000133||
|0150|99900011000155|ATACADO SUL COMERCIO|SC|888888888888||||99900011000155||
|0990|9|
|C001|0|
|C100|1|0|11223344000166|55|00|000000001|000|18022024|20022024|62795.00|39903.69|4788.44|0.00|0.00|0.00|0.00|0.00|0.00|0.00|0|55512312300010|
|C170|1|PROD004|PRODUTO ACABADO D|18.68|UN|13162.45|5401|60|0.00|12.00|0.00|0.00|0.00|0.00|0.00|0.00|0.00|
|C170|2|PROD004|PRODUTO ACABADO D|45.56|UN|44351.75|5401|20|38087.17|12.00|4570.46|0.00|0.00|0.00|0.00|0.00|0.00|
|C170|3|PROD001|PECA MECANICA TIPO A|40.77|UN|3151.60|5401|70|0.00|12.00|0.00|0.00|0.00|0.00|0.00|0.00|0.00|
|C170|4|PROD007|PARTE SOBRESSALENTE G|14.97|UN|2129.20|5401|00|1816.52|12.00|217.98|0.00|0.00|0.00|0.00|0.00|0.00|
|C100|1|0|11223344000166|55|00|000000002|000|23022024|25022024|29537.90|13038.73|1564.65|0.00|0.00|0.00|0.00|0.00|0.00|0.00|0|77788899000177|
|C170|1|PROD004|PRODUTO ACABADO D|23.88|UN|12181.60|5102|40|0.00|12.00|0.00|0.00|0.00|0.00|0.00|0.00|0.00|
|C170|2|PROD002|COMPONENTE ELETRICO B|46.62|UN|3070.06|5102|40|0.00|12.00|0.00|0.00|0.00|0.00|0.00|0.00|0.00|
|C170|3|PROD005|INSUMO INDUSTRIAL E|44.61|UN|1776.29|5102|20|1510.03|12.00|181.20|0.00|0.00|0.00|0.00|0.00|0.00|
|C170|4|PROD003|MATERIAL BRUTO C|41.25|UN|10215.89|5102|00|9398.13|12.00|1127.78|0.00|0.00|0.00|0.00|0.00|0.00|
|C170|5|PROD007|PARTE SOBRESSALENTE G|16.42|UN|2294.06|5102|00|2130.57|12.00|255.67|0.00|0.00|0.00|0.00|0.00|0.00|
|C100|1|0|11223344000166|55|00|000000003|000|10022024|12022024|67960.72|12381.24|1485.75|0.00|0.00|0.00|0.00|0.00|0.00|0.00|0|33366699000100|
|C170|1|PROD003|MATERIAL BRUTO C|38.80|UN|11233.47|5102|10|10534.39|12.00|1264.13|0.00|0.00|0.00|0.00|0.00|0.00|
|C170|2|PROD004|PRODUTO ACABADO D|35.13|UN|19380.07|5102|50|0.00|12.00|0.00|0.00|0.00|0.00|0.00|0.00|0.00|
|C170|3|PROD005|INSUMO INDUSTRIAL E|27.18|UN|1085.26|5102|00|1071.28|12.00|128.55|0.00|0.00|0.00|0.00|0.00|0.00|
|C170|4|PROD004|PRODUTO ACABADO D|43.80|UN|35454.99|5102|70|0.00|12.00|0.00|0.00|0.00|0.00|0.00|0.00|0.00|
|C170|5|PROD002|COMPONENTE ELETRICO B|16.62|UN|806.93|5102|00|775.57|12.00|93.07|0.00|0.00|0.00|0.00|0.00|0.00|
|C100|1|0|11223344000166|55|00|000000004|000|06022024|09022024|54238.81|48851.29|5862.15|0.00|0.00|0.00|0.00|0.00|0.00|0.00|0|99900011000155|
|C170|1|PROD008|CONJUNTO MONTADO H|30.63|UN|39178.13|5403|20|38692.32|12.00|4643.08|0.00|0.00|0.00|0.00|0.00|0.00|
|C170|2|PROD004|PRODUTO ACABADO D|20.22|UN|10678.23|5403|00|9263.19|12.00|1111.58|0.00|0.00|0.00|0.00|0.00|0.00|
|C170|3|PROD002|COMPONENTE ELETRICO B|41.28|UN|3478.99|5403|41|0.00|12.00|0.00|0.00|0.00|0.00|0.00|0.00|0.00|
|C170|4|PROD005|INSUMO INDUSTRIAL E|31.66|UN|903.46|5403|00|895.78|12.00|107.49|0.00|0.00|0.00|0.00|0.00|0.00|
|C100|1|0|11223344000166|55|00|000000005|000|22022024|25022024|2905.33|1254.22|150.51|0.00|0.00|0.00|0.00|0.00|0.00|0.00|0|22244466000133|
|C170|1|PROD006|EMBALAGEM PADRAO F|46.21|UN|376.61|6102|20|366.39|12.00|43.97|0.00|0.00|0.00|0.00|0.00|0.00|
|C170|2|PROD005|INSUMO INDUSTRIAL E|28.16|UN|459.24|6102|41|0.00|12.00|0.00|0.00|0.00|0.00|0.00|0.00|0.00|
|C170|3|PROD005|INSUMO INDUSTRIAL E|30.70|UN|464.78|6102|20|408.10|12.00|48.97|0.00|0.00|0.00|0.00|0.00|0.00|
|C170|4|PROD002|COMPONENTE ELETRICO B|17.23|UN|1071.75|6102|41|0.00|12.00|0.00|0.00|0.00|0.00|0.00|0.00|0.00|
|C170|5|PROD005|INSUMO INDUSTRIAL E|21.01|UN|532.95|6102|10|479.73|12.00|57.57|0.00|0.00|0.00|0.00|0.00|0.00|
|C100|1|0|11223344000166|55|00|000000006|000|14022024|14022024|1657.93|1488.87|178.66|0.00|0.00|0.00|0.00|0.00|0.00|0.00|0|55512312300010|
|C170|1|PROD006|EMBALAGEM PADRAO F|26.52|UN|271.86|5102|20|249.84|12.00|29.98|0.00|0.00|0.00|0.00|0.00|0.00|
|C170|2|PROD006|EMBALAGEM PADRAO F|28.38|UN|146.99|5102|40|0.00|12.00|0.00|0.00|0.00|0.00|0.00|0.00|0.00|
|C170|3|PROD007|PARTE SOBRESSALENTE G|13.89|UN|1239.08|5102|00|1239.03|12.00|148.68|0.00|0.00|0.00|0.00|0.00|0.00|
|C100|1|0|11223344000166|55|00|000000007|000|14022024|14022024|49835.57|0.00|0.00|0.00|0.00|0.00|0.00|0.00|0.00|0.00|0|55512312300010|
|C170|1|PROD008|CONJUNTO MONTADO H|38.30|UN|27672.52|5403|50|0.00|12.00|0.00|0.00|0.00|0.00|0.00|0.00|0.00|
|C170|2|PROD002|COMPONENTE ELETRICO B|17.10|UN|724.18|5403|50|0.00|12.00|0.00|0.00|0.00|0.00|0.00|0.00|0.00|
|C170|3|PROD004|PRODUTO ACABADO D|38.25|UN|21251.18|5403|40|0.00|12.00|0.00|0.00|0.00|0.00|0.00|0.00|0.00|
|C170|4|PROD006|EMBALAGEM PADRAO F|17.16|UN|187.69|5403|30|0.00|12.00|0.00|0.00|0.00|0.00|0.00|0.00|0.00|
|C100|1|0|11223344000166|55|00|000000008|000|10022024|13022024|12311.80|10506.02|1260.72|0.00|0.00|0.00|0.00|0.00|0.00|0.00|0|22244466000133|
|C170|1|PROD005|INSUMO INDUSTRIAL E|9.36|UN|161.14|5101|41|0.00|12.00|0.00|0.00|0.00|0.00|0.00|0.00|0.00|
|C170|2|PROD006|EMBALAGEM PADRAO F|48.54|UN|499.01|5101|40|0.00|12.00|0.00|0.00|0.00|0.00|0.00|0.00|0.00|
|C170|3|PROD003|MATERIAL BRUTO C|35.76|UN|11651.65|5101|00|10506.02|12.00|1260.72|0.00|0.00|0.00|0.00|0.00|0.00|
|C100|1|0|11223344000166|55|00|000000009|000|12022024|12022024|25077.08|22410.86|2689.30|0.00|0.00|0.00|0.00|0.00|0.00|0.00|0|22244466000133|
|C170|1|PROD001|PECA MECANICA TIPO A|24.73|UN|2196.41|5102|00|2035.19|12.00|244.22|0.00|0.00|0.00|0.00|0.00|0.00|
|C170|2|PROD008|CONJUNTO MONTADO H|22.37|UN|17927.71|5102|00|15623.32|12.00|1874.80|0.00|0.00|0.00|0.00|0.00|0.00|
|C170|3|PROD006|EMBALAGEM PADRAO F|8.08|UN|95.81|5102|60|0.00|12.00|0.00|0.00|0.00|0.00|0.00|0.00|0.00|
|C170|4|PROD001|PECA MECANICA TIPO A|45.61|UN|4857.15|5102|20|4752.35|12.00|570.28|0.00|0.00|0.00|0.00|0.00|0.00|
|C100|1|0|11223344000166|55|00|000000010|000|16022024|19022024|31642.01|31021.31|3722.56|0.00|0.00|0.00|0.00|0.00|0.00|0.00|0|55512312300010|
|C170|1|PROD005|INSUMO INDUSTRIAL E|6.09|UN|215.88|6102|20|202.92|12.00|24.35|0.00|0.00|0.00|0.00|0.00|0.00|
|C170|2|PROD006|EMBALAGEM PADRAO F|49.45|UN|295.70|6102|00|252.55|12.00|30.31|0.00|0.00|0.00|0.00|0.00|0.00|
|C170|3|PROD004|PRODUTO ACABADO D|42.62|UN|30851.97|6102|20|30565.84|12.00|3667.90|0.00|0.00|0.00|0.00|0.00|0.00|
|C170|4|PROD006|EMBALAGEM PADRAO F|26.22|UN|278.46|6102|40|0.00|12.00|0.00|0.00|0.00|0.00|0.00|0.00|0.00|
|C100|1|0|11223344000166|55|00|000000011|000|09022024|10022024|11930.77|10584.60|1270.15|0.00|0.00|0.00|0.00|0.00|0.00|0.00|0|99900011000155|
|C170|1|PROD001|PECA MECANICA TIPO A|6.39|UN|712.15|6102|90|664.91|12.00|79.79|0.00|0.00|0.00|0.00|0.00|0.00|
|C170|2|PROD003|MATERIAL BRUTO C|40.52|UN|11218.62|6102|00|9919.69|12.00|1190.36|0.00|0.00|0.00|0.00|0.00|0.00|
|C100|1|0|11223344000166|55|00|000000012|000|03022024|03022024|19757.36|281.58|33.79|0.00|0.00|0.00|0.00|0.00|0.00|0.00|0|22244466000133|
|C170|1|PROD006|EMBALAGEM PADRAO F|36.24|UN|304.06|6101|20|281.58|12.00|33.79|0.00|0.00|0.00|0.00|0.00|0.00|
|C170|2|PROD004|PRODUTO ACABADO D|25.86|UN|19453.30|6101|30|0.00|12.00|0.00|0.00|0.00|0.00|0.00|0.00|0.00|
|C100|1|0|11223344000166|55|00|000000013|000|26022024|29022024|23533.26|21257.70|2550.92|0.00|0.00|0.00|0.00|0.00|0.00|0.00|0|77788899000177|
|C170|1|PROD004|PRODUTO ACABADO D|32.85|UN|23533.26|5403|00|21257.70|12.00|2550.92|0.00|0.00|0.00|0.00|0.00|0.00|
|C100|1|0|11223344000166|55|00|000000014|000|29022024|03032024|12902.21|12203.76|1464.46|0.00|0.00|0.00|0.00|0.00|0.00|0.00|0|55512312300010|
|C170|1|PROD003|MATERIAL BRUTO C|8.82|UN|2870.85|5401|20|2849.46|12.00|341.94|0.00|0.00|0.00|0.00|0.00|0.00|
|C170|2|PROD002|COMPONENTE ELETRICO B|39.42|UN|3256.65|5401|00|3091.27|12.00|370.95|0.00|0.00|0.00|0.00|0.00|0.00|
|C170|3|PROD001|PECA MECANICA TIPO A|16.04|UN|1110.08|5401|00|1029.73|12.00|123.57|0.00|0.00|0.00|0.00|0.00|0.00|
|C170|4|PROD006|EMBALAGEM PADRAO F|17.41|UN|206.12|5401|10|193.58|12.00|23.23|0.00|0.00|0.00|0.00|0.00|0.00|
|C170|5|PROD008|CONJUNTO MONTADO H|5.16|UN|5458.51|5401|20|5039.72|12.00|604.77|0.00|0.00|0.00|0.00|0.00|0.00|
|C100|1|0|11223344000166|55|00|000000015|000|13022024|14022024|8073.98|4312.82|517.54|0.00|0.00|0.00|0.00|0.00|0.00|0.00|0|22244466000133|
|C170|1|PROD005|INSUMO INDUSTRIAL E|27.41|UN|974.12|5401|00|836.91|12.00|100.43|0.00|0.00|0.00|0.00|0.00|0.00|
|C170|2|PROD007|PARTE SOBRESSALENTE G|23.92|UN|3311.07|5401|40|0.00|12.00|0.00|0.00|0.00|0.00|0.00|0.00|0.00|
|C170|3|PROD007|PARTE SOBRESSALENTE G|34.56|UN|3674.18|5401|00|3368.26|12.00|404.19|0.00|0.00|0.00|0.00|0.00|0.00|
|C170|4|PROD005|INSUMO INDUSTRIAL E|6.17|UN|114.61|5401|10|107.65|12.00|12.92|0.00|0.00|0.00|0.00|0.00|0.00|
|C100|1|0|11223344000166|55|00|000000016|000|17022024|20022024|1598.56|0.00|0.00|0.00|0.00|0.00|0.00|0.00|0.00|0.00|0|77788899000177|
|C170|1|PROD002|COMPONENTE ELETRICO B|22.81|UN|797.14|6102|40|0.00|12.00|0.00|0.00|0.00|0.00|0.00|0.00|0.00|
|C170|2|PROD005|INSUMO INDUSTRIAL E|34.28|UN|801.42|6102|30|0.00|12.00|0.00|0.00|0.00|0.00|0.00|0.00|0.00|
|C100|1|0|11223344000166|55|00|000000017|000|21022024|24022024|134.60|0.00|0.00|0.00|0.00|0.00|0.00|0.00|0.00|0.00|0|22244466000133|
|C170|1|PROD002|COMPONENTE ELETRICO B|2.09|UN|134.60|5101|60|0.00|12.00|0.00|0.00|0.00|0.00|0.00|0.00|0.00|
|C100|1|0|11223344000166|55|00|000000018|000|09022024|11022024|56229.02|55762.62|6691.51|0.00|0.00|0.00|0.00|0.00|0.00|0.00|0|77788899000177|
|C170|1|PROD008|CONJUNTO MONTADO H|45.78|UN|56229.02|5102|00|55762.62|12.00|6691.51|0.00|0.00|0.00|0.00|0.00|0.00|
|C100|1|0|11223344000166|55|00|000000019|000|11022024|12022024|20382.33|18477.45|2217.29|0.00|0.00|0.00|0.00|0.00|0.00|0.00|0|22244466000133|
|C170|1|PROD001|PECA MECANICA TIPO A|42.24|UN|4727.41|5102|10|4314.32|12.00|517.72|0.00|0.00|0.00|0.00|0.00|0.00|
|C170|2|PROD001|PECA MECANICA TIPO A|27.55|UN|1440.05|5102|00|1378.25|12.00|165.39|0.00|0.00|0.00|0.00|0.00|0.00|
|C170|3|PROD005|INSUMO INDUSTRIAL E|46.87|UN|809.01|5102|00|787.84|12.00|94.54|0.00|0.00|0.00|0.00|0.00|0.00|
|C170|4|PROD004|PRODUTO ACABADO D|14.08|UN|13405.86|5102|00|11997.04|12.00|1439.64|0.00|0.00|0.00|0.00|0.00|0.00|
|C100|1|0|11223344000166|55|00|000000020|000|16022024|16022024|138.99|127.16|15.26|0.00|0.00|0.00|0.00|0.00|0.00|0.00|0|22244466000133|
|C170|1|PROD006|EMBALAGEM PADRAO F|15.67|UN|138.99|5102|51|127.16|12.00|15.26|0.00|0.00|0.00|0.00|0.00|0.00|
|C100|1|0|11223344000166|55|00|000000021|000|03022024|05022024|34695.51|30616.51|3673.98|0.00|0.00|0.00|0.00|0.00|0.00|0.00|0|33366699000100|
|C170|1|PROD007|PARTE SOBRESSALENTE G|34.24|UN|5363.64|5401|90|5118.64|12.00|614.24|0.00|0.00|0.00|0.00|0.00|0.00|
|C170|2|PROD008|CONJUNTO MONTADO H|31.43|UN|27451.87|5401|90|25497.87|12.00|3059.74|0.00|0.00|0.00|0.00|0.00|0.00|
|C170|3|PROD007|PARTE SOBRESSALENTE G|12.85|UN|1634.78|5401|40|0.00|12.00|0.00|0.00|0.00|0.00|0.00|0.00|0.00|
|C170|4|PROD002|COMPONENTE ELETRICO B|3.35|UN|245.22|5401|30|0.00|12.00|0.00|0.00|0.00|0.00|0.00|0.00|0.00|
|C100|1|0|11223344000166|55|00|000000022|000|15022024|18022024|1962.48|523.82|62.86|0.00|0.00|0.00|0.00|0.00|0.00|0.00|0|99900011000155|
|C170|1|PROD002|COMPONENTE ELETRICO B|40.69|UN|1408.92|5403|60|0.00|12.00|0.00|0.00|0.00|0.00|0.00|0.00|0.00|
|C170|2|PROD001|PECA MECANICA TIPO A|4.76|UN|553.56|5403|00|523.82|12.00|62.86|0.00|0.00|0.00|0.00|0.00|0.00|
|C100|1|0|11223344000166|55|00|000000023|000|07022024|10022024|17688.23|4736.24|568.35|0.00|0.00|0.00|0.00|0.00|0.00|0.00|0|77788899000177|
|C170|1|PROD007|PARTE SOBRESSALENTE G|28.47|UN|3248.26|5403|20|2905.43|12.00|348.65|0.00|0.00|0.00|0.00|0.00|0.00|
|C170|2|PROD005|INSUMO INDUSTRIAL E|10.19|UN|416.22|5403|10|360.92|12.00|43.31|0.00|0.00|0.00|0.00|0.00|0.00|
|C170|3|PROD007|PARTE SOBRESSALENTE G|46.48|UN|7093.78|5403|70|0.00|12.00|0.00|0.00|0.00|0.00|0.00|0.00|0.00|
|C170|4|PROD003|MATERIAL BRUTO C|18.91|UN|5387.65|5403|70|0.00|12.00|0.00|0.00|0.00|0.00|0.00|0.00|0.00|
|C170|5|PROD002|COMPONENTE ELETRICO B|27.46|UN|1542.32|5403|90|1469.89|12.00|176.39|0.00|0.00|0.00|0.00|0.00|0.00|
|C100|1|0|11223344000166|55|00|000000024|000|09022024|09022024|31794.83|29503.09|3540.38|0.00|0.00|0.00|0.00|0.00|0.00|0.00|0|55512312300010|
|C170|1|PROD008|CONJUNTO MONTADO H|25.50|UN|26521.70|6102|10|24874.38|12.00|2984.93|0.00|0.00|0.00|0.00|0.00|0.00|
|C170|2|PROD001|PECA MECANICA TIPO A|48.68|UN|5273.13|6102|00|4628.71|12.00|555.45|0.00|0.00|0.00|0.00|0.00|0.00|
|C100|1|0|11223344000166|55|00|000000025|000|07022024|10022024|5958.65|0.00|0.00|0.00|0.00|0.00|0.00|0.00|0.00|0.00|0|99900011000155|
|C170|1|PROD003|MATERIAL BRUTO C|1.54|UN|347.60|5102|40|0.00|12.00|0.00|0.00|0.00|0.00|0.00|0.00|0.00|
|C170|2|PROD001|PECA MECANICA TIPO A|47.63|UN|5611.05|5102|70|0.00|12.00|0.00|0.00|0.00|0.00|0.00|0.00|0.00|
|C100|1|0|11223344000166|55|00|000000026|000|16022024|16022024|1451.03|1242.65|149.12|0.00|0.00|0.00|0.00|0.00|0.00|0.00|0|33366699000100|
|C170|1|PROD001|PECA MECANICA TIPO A|12.37|UN|1451.03|5102|10|1242.65|12.00|149.12|0.00|0.00|0.00|0.00|0.00|0.00|
|C100|1|0|11223344000166|55|00|000000027|000|13022024|14022024|1619.46|0.00|0.00|0.00|0.00|0.00|0.00|0.00|0.00|0.00|0|55512312300010|
|C170|1|PROD002|COMPONENTE ELETRICO B|24.23|UN|1310.09|5401|40|0.00|12.00|0.00|0.00|0.00|0.00|0.00|0.00|0.00|
|C170|2|PROD006|EMBALAGEM PADRAO F|48.41|UN|309.37|5401|70|0.00|12.00|0.00|0.00|0.00|0.00|0.00|0.00|0.00|
|C100|1|0|11223344000166|55|00|000000028|000|19022024|20022024|855.41|0.00|0.00|0.00|0.00|0.00|0.00|0.00|0.00|0.00|0|99900011000155|
|C170|1|PROD005|INSUMO INDUSTRIAL E|35.36|UN|855.41|6101|40|0.00|12.00|0.00|0.00|0.00|0.00|0.00|0.00|0.00|
|C100|1|0|11223344000166|55|00|000000029|000|17022024|19022024|25470.10|15290.14|1834.82|0.00|0.00|0.00|0.00|0.00|0.00|0.00|0|33366699000100|
|C170|1|PROD007|PARTE SOBRESSALENTE G|15.48|UN|2371.38|5101|41|0.00|12.00|0.00|0.00|0.00|0.00|0.00|0.00|0.00|
|C170|2|PROD007|PARTE SOBRESSALENTE G|4.27|UN|522.31|5101|00|462.17|12.00|55.46|0.00|0.00|0.00|0.00|0.00|0.00|
|C170|3|PROD003|MATERIAL BRUTO C|14.21|UN|3805.28|5101|40|0.00|12.00|0.00|0.00|0.00|0.00|0.00|0.00|0.00|
|C170|4|PROD002|COMPONENTE ELETRICO B|21.71|UN|1548.14|5101|40|0.00|12.00|0.00|0.00|0.00|0.00|0.00|0.00|0.00|
|C170|5|PROD004|PRODUTO ACABADO D|27.45|UN|17222.99|5101|00|14827.97|12.00|1779.36|0.00|0.00|0.00|0.00|0.00|0.00|
|C100|1|0|11223344000166|55|00|000000030|000|08022024|11022024|6264.24|5955.82|714.70|0.00|0.00|0.00|0.00|0.00|0.00|0.00|0|22244466000133|
|C170|1|PROD002|COMPONENTE ELETRICO B|20.27|UN|1053.74|5101|10|950.00|12.00|114.00|0.00|0.00|0.00|0.00|0.00|0.00|
|C170|2|PROD005|INSUMO INDUSTRIAL E|20.10|UN|633.49|5101|90|632.56|12.00|75.91|0.00|0.00|0.00|0.00|0.00|0.00|
|C170|3|PROD001|PECA MECANICA TIPO A|31.13|UN|3201.93|5101|20|3189.56|12.00|382.75|0.00|0.00|0.00|0.00|0.00|0.00|
|C170|4|PROD002|COMPONENTE ELETRICO B|41.21|UN|1375.08|5101|90|1183.70|12.00|142.04|0.00|0.00|0.00|0.00|0.00|0.00|
|C100|1|0|11223344000166|55|00|000000031|000|12022024|12022024|17074.12|5579.98|669.59|0.00|0.00|0.00|0.00|0.00|0.00|0.00|0|33366699000100|
|C170|1|PROD006|EMBALAGEM PADRAO F|24.12|UN|202.59|5401|00|196.35|12.00|23.56|0.00|0.00|0.00|0.00|0.00|0.00|
|C170|2|PROD003|MATERIAL BRUTO C|18.68|UN|4277.36|5401|51|3953.28|12.00|474.39|0.00|0.00|0.00|0.00|0.00|0.00|
|C170|3|PROD005|INSUMO INDUSTRIAL E|46.40|UN|1525.00|5401|00|1430.35|12.00|171.64|0.00|0.00|0.00|0.00|0.00|0.00|
|C170|4|PROD003|MATERIAL BRUTO C|30.12|UN|10126.50|5401|50|0.00|12.00|0.00|0.00|0.00|0.00|0.00|0.00|0.00|
|C170|5|PROD002|COMPONENTE ELETRICO B|25.61|UN|942.67|5401|60|0.00|12.00|0.00|0.00|0.00|0.00|0.00|0.00|0.00|
|C100|1|0|11223344000166|55|00|000000032|000|16022024|18022024|1660.10|1452.06|174.25|0.00|0.00|0.00|0.00|0.00|0.00|0.00|0|99900011000155|
|C170|1|PROD001|PECA MECANICA TIPO A|25.29|UN|1660.10|6102|00|1452.06|12.00|174.25|0.00|0.00|0.00|0.00|0.00|0.00|
|C100|1|0|11223344000166|55|00|000000033|000|07022024|08022024|31217.21|0.00|0.00|0.00|0.00|0.00|0.00|0.00|0.00|0.00|0|33366699000100|
|C170|1|PROD004|PRODUTO ACABADO D|19.47|UN|18768.26|5102|40|0.00|12.00|0.00|0.00|0.00|0.00|0.00|0.00|0.00|
|C170|2|PROD008|CONJUNTO MONTADO H|14.40|UN|11545.18|5102|50|0.00|12.00|0.00|0.00|0.00|0.00|0.00|0.00|0.00|
|C170|3|PROD006|EMBALAGEM PADRAO F|9.44|UN|56.36|5102|60|0.00|12.00|0.00|0.00|0.00|0.00|0.00|0.00|0.00|
|C170|4|PROD002|COMPONENTE ELETRICO B|15.04|UN|847.41|5102|30|0.00|12.00|0.00|0.00|0.00|0.00|0.00|0.00|0.00|
|C100|1|0|11223344000166|55|00|000000034|000|21022024|22022024|24411.05|21643.61|2597.24|0.00|0.00|0.00|0.00|0.00|0.00|0.00|0|77788899000177|
|C170|1|PROD006|EMBALAGEM PADRAO F|38.89|UN|446.06|5102|40|0.00|12.00|0.00|0.00|0.00|0.00|0.00|0.00|0.00|
|C170|2|PROD002|COMPONENTE ELETRICO B|9.83|UN|376.04|5102|20|340.81|12.00|40.90|0.00|0.00|0.00|0.00|0.00|0.00|
|C170|3|PROD004|PRODUTO ACABADO D|25.45|UN|23588.95|5102|90|21302.80|12.00|2556.34|0.00|0.00|0.00|0.00|0.00|0.00|
|C100|1|0|11223344000166|55|00|000000035|000|10022024|12022024|1523.01|0.00|0.00|0.00|0.00|0.00|0.00|0.00|0.00|0.00|0|77788899000177|
|C170|1|PROD007|PARTE SOBRESSALENTE G|11.73|UN|1523.01|6102|50|0.00|12.00|0.00|0.00|0.00|0.00|0.00|0.00|0.00|
|C100|1|0|11223344000166|55|00|000000036|000|24022024|24022024|35450.55|31971.81|3836.62|0.00|0.00|0.00|0.00|0.00|0.00|0.00|0|55512312300010|
|C170|1|PROD006|EMBALAGEM PADRAO F|14.72|UN|157.35|6102|00|144.07|12.00|17.29|0.00|0.00|0.00|0.00|0.00|0.00|
|C170|2|PROD008|CONJUNTO MONTADO H|12.10|UN|15329.08|6102|20|13399.79|12.00|1607.97|0.00|0.00|0.00|0.00|0.00|0.00|
|C170|3|PROD003|MATERIAL BRUTO C|26.12|UN|7216.77|6102|00|6957.82|12.00|834.94|0.00|0.00|0.00|0.00|0.00|0.00|
|C170|4|PROD008|CONJUNTO MONTADO H|11.80|UN|12305.90|6102|00|11470.13|12.00|1376.42|0.00|0.00|0.00|0.00|0.00|0.00|
|C170|5|PROD006|EMBALAGEM PADRAO F|41.06|UN|441.45|6102|40|0.00|12.00|0.00|0.00|0.00|0.00|0.00|0.00|0.00|
|C100|1|0|11223344000166|55|00|000000037|000|08022024|11022024|17080.73|13699.04|1643.89|0.00|0.00|0.00|0.00|0.00|0.00|0.00|0|99900011000155|
|C170|1|PROD005|INSUMO INDUSTRIAL E|14.21|UN|495.29|5403|10|441.31|12.00|52.96|0.00|0.00|0.00|0.00|0.00|0.00|
|C170|2|PROD007|PARTE SOBRESSALENTE G|15.99|UN|2283.53|5403|40|0.00|12.00|0.00|0.00|0.00|0.00|0.00|0.00|0.00|
|C170|3|PROD003|MATERIAL BRUTO C|32.65|UN|11043.57|5403|20|10096.63|12.00|1211.60|0.00|0.00|0.00|0.00|0.00|0.00|
|C170|4|PROD003|MATERIAL BRUTO C|10.22|UN|3258.34|5403|00|3161.10|12.00|379.33|0.00|0.00|0.00|0.00|0.00|0.00|
|C100|1|0|11223344000166|55|00|000000038|000|07022024|08022024|14689.02|13213.52|1585.62|0.00|0.00|0.00|0.00|0.00|0.00|0.00|0|99900011000155|
|C170|1|PROD003|LINHA_CORROMPIDA|
|C170|2|PROD006|EMBALAGEM PADRAO F|12.36|UN|113.23|5403|90|97.54|12.00|11.70|0.00|0.00|0.00|0.00|0.00|0.00|
|C170|3|PROD006|EMBALAGEM PADRAO F|43.38|UN|512.81|5403|10|444.65|12.00|53.36|0.00|0.00|0.00|0.00|0.00|0.00|
|C100|1|0|11223344000166|55|00|000000039|000|09022024|11022024|86994.64|58512.50|7021.50|0.00|0.00|0.00|0.00|0.00|0.00|0.00|0|22244466000133|
|C170|1|PROD004|PRODUTO ACABADO D|41.23|UN|30093.08|5403|10|28493.47|12.00|3419.22|0.00|0.00|0.00|0.00|0.00|0.00|
|C170|2|PROD008|CONJUNTO MONTADO H|32.96|UN|28218.51|5403|00|27807.79|12.00|3336.93|0.00|0.00|0.00|0.00|0.00|0.00|
|C170|3|PROD007|PARTE SOBRESSALENTE G|12.38|UN|1382.44|5403|41|0.00|12.00|0.00|0.00|0.00|0.00|0.00|0.00|0.00|
|C170|4|PROD001|PECA MECANICA TIPO A|33.02|UN|2510.28|5403|00|2211.24|12.00|265.35|0.00|0.00|0.00|0.00|0.00|0.00|
|C170|5|PROD004|PRODUTO ACABADO D|38.35|UN|24790.33|5403|41|0.00|12.00|0.00|0.00|0.00|0.00|0.00|0.00|0.00|
|C100|1|0|11223344000166|55|00|000000040|000|23022024|24022024|50253.74|25270.76|3032.49|0.00|0.00|0.00|0.00|0.00|0.00|0.00|0|55512312300010|
|C170|1|PROD001|PECA MECANICA TIPO A|41.27|UN|2464.47|6102|70|0.00|12.00|0.00|0.00|0.00|0.00|0.00|0.00|0.00|
|C170|2|PROD008|CONJUNTO MONTADO H|32.12|UN|25361.19|6102|00|25270.76|12.00|3032.49|0.00|0.00|0.00|0.00|0.00|0.00|
|C170|3|PROD004|PRODUTO ACABADO D|23.30|UN|22428.08|6102|30|0.00|12.00|0.00|0.00|0.00|0.00|0.00|0.00|0.00|
|C100|1|0|11223344000166|55|00|000000041|000|28022024|29022024|9216.91|4237.50|508.50|0.00|0.00|0.00|0.00|0.00|0.00|0.00|0|77788899000177|
|C170|1|PROD007|PARTE SOBRESSALENTE G|31.84|UN|4767.05|6102|40|0.00|12.00|0.00|0.00|0.00|0.00|0.00|0.00|0.00|
|C170|2|PROD001|PECA MECANICA TIPO A|37.53|UN|2963.98|6102|00|2852.85|12.00|342.34|0.00|0.00|0.00|0.00|0.00|0.00|
|C170|3|PROD007|PARTE SOBRESSALENTE G|1.81|UN|234.68|6102|20|209.47|12.00|25.14|0.00|0.00|0.00|0.00|0.00|0.00|
|C170|4|PROD005|INSUMO INDUSTRIAL E|48.12|UN|1251.20|6102|00|1175.18|12.00|141.02|0.00|0.00|0.00|0.00|0.00|0.00|
|C100|1|0|11223344000166|55|00|000000042|000|17022024|20022024|2770.92|2641.05|316.92|0.00|0.00|0.00|0.00|0.00|0.00|0.00|0|99900011000155|
|C170|1|PROD005|INSUMO INDUSTRIAL E|17.27|UN|623.41|5401|00|620.62|12.00|74.47|0.00|0.00|0.00|0.00|0.00|0.00|
|C170|2|PROD001|PECA MECANICA TIPO A|7.31|UN|844.03|5401|10|799.68|12.00|95.96|0.00|0.00|0.00|0.00|0.00|0.00|
|C170|3|PROD002|COMPONENTE ELETRICO B|26.77|UN|1083.05|5401|00|1012.96|12.00|121.56|0.00|0.00|0.00|0.00|0.00|0.00|
|C170|4|PROD005|INSUMO INDUSTRIAL E|8.17|UN|220.43|5401|00|207.79|12.00|24.93|0.00|0.00|0.00|0.00|0.00|0.00|
|C100|1|0|11223344000166|55|00|000000043|000|20022024|22022024|1361.13|476.55|57.19|0.00|0.00|0.00|0.00|0.00|0.00|0.00|0|22244466000133|
|C170|1|PROD002|COMPONENTE ELETRICO B|5.01|UN|216.96|6101|70|0.00|12.00|0.00|0.00|0.00|0.00|0.00|0.00|0.00|
|C170|2|PROD006|EMBALAGEM PADRAO F|1.64|UN|12.75|6101|10|11.21|12.00|1.35|0.00|0.00|0.00|0.00|0.00|0.00|
|C170|3|PROD002|COMPONENTE ELETRICO B|9.41|UN|593.24|6101|70|0.00|12.00|0.00|0.00|0.00|0.00|0.00|0.00|0.00|
|C170|4|PROD006|EMBALAGEM PADRAO F|45.76|UN|538.18|6101|00|465.34|12.00|55.84|0.00|0.00|0.00|0.00|0.00|0.00|
|C100|1|0|11223344000166|55|00|000000044|000|13022024|16022024|24586.74|23955.72|2874.69|0.00|0.00|0.00|0.00|0.00|0.00|0.00|0|99900011000155|
|C170|1|PROD008|CONJUNTO MONTADO H|17.61|UN|24586.74|5401|10|23955.72|12.00|2874.69|0.00|0.00|0.00|0.00|0.00|0.00|
|C100|1|0|11223344000166|55|00|000000045|000|14022024|16022024|17138.85|15261.65|1831.39|0.00|0.00|0.00|0.00|0.00|0.00|0.00|0|33366699000100|
|C170|1|PROD002|COMPONENTE ELETRICO B|19.37|UN|1576.75|6101|20|1376.03|12.00|165.12|0.00|0.00|0.00|0.00|0.00|0.00|
|C170|2|PROD004|PRODUTO ACABADO D|29.65|UN|15562.10|6101|00|13885.62|12.00|1666.27|0.00|0.00|0.00|0.00|0.00|0.00|
|C100|1|0|11223344000166|55|00|000000046|000|07022024|08022024|6132.67|379.90|45.59|0.00|0.00|0.00|0.00|0.00|0.00|0.00|0|55512312300010|
|C170|1|PROD001|PECA MECANICA TIPO A|27.04|UN|2977.31|5102|40|0.00|12.00|0.00|0.00|0.00|0.00|0.00|0.00|0.00|
|C170|2|PROD001|PECA MECANICA TIPO A|45.72|UN|2544.83|5102|40|0.00|12.00|0.00|0.00|0.00|0.00|0.00|0.00|0.00|
|C170|3|PROD005|INSUMO INDUSTRIAL E|14.10|UN|386.54|5102|00|379.90|12.00|45.59|0.00|0.00|0.00|0.00|0.00|0.00|
|C170|4|PROD007|PARTE SOBRESSALENTE G|2.05|UN|223.99|5102|40|0.00|12.00|0.00|0.00|0.00|0.00|0.00|0.00|0.00|
|C100|1|0|11223344000166|55|00|000000047|000|21022024|22022024|4267.77|4005.88|480.70|0.00|0.00|0.00|0.00|0.00|0.00|0.00|0|99900011000155|
|C170|1|PROD005|INSUMO INDUSTRIAL E|43.80|UN|1527.17|5101|00|1499.04|12.00|179.88|0.00|0.00|0.00|0.00|0.00|0.00|
|C170|2|PROD001|PECA MECANICA TIPO A|41.11|UN|2740.60|5101|20|2506.84|12.00|300.82|0.00|0.00|0.00|0.00|0.00|0.00|
|C100|1|0|11223344000166|55|00|000000048|000|01022024|04022024|30544.08|26288.42|3154.60|0.00|0.00|0.00|0.00|0.00|0.00|0.00|0|55512312300010|
|C170|1|PROD005|INSUMO INDUSTRIAL E|37.60|UN|1213.70|5102|00|1207.67|12.00|144.92|0.00|0.00|0.00|0.00|0.00|0.00|
|C170|2|PROD008|CONJUNTO MONTADO H|38.10|UN|26818.82|5102|20|22985.51|12.00|2758.26|0.00|0.00|0.00|0.00|0.00|0.00|
|C170|3|PROD006|EMBALAGEM PADRAO F|37.54|UN|316.44|5102|30|0.00|12.00|0.00|0.00|0.00|0.00|0.00|0.00|0.00|
|C170|4|PROD002|COMPONENTE ELETRICO B|28.61|UN|1922.26|5102|00|1828.29|12.00|219.39|0.00|0.00|0.00|0.00|0.00|0.00|
|C170|5|PROD002|COMPONENTE ELETRICO B|8.57|UN|272.86|5102|20|266.95|12.00|32.03|0.00|0.00|0.00|0.00|0.00|0.00|
|C100|1|0|11223344000166|55|00|000000049|000|27022024|01032024|7074.23|2059.18|247.10|0.00|0.00|0.00|0.00|0.00|0.00|0.00|0|22244466000133|
|C170|1|PROD001|PECA MECANICA TIPO A|30.57|UN|2191.73|5403|00|2059.18|12.00|247.10|0.00|0.00|0.00|0.00|0.00|0.00|
|C170|2|PROD001|PECA MECANICA TIPO A|43.05|UN|4882.50|5403|40|0.00|12.00|0.00|0.00|0.00|0.00|0.00|0.00|0.00|
|C100|1|0|11223344000166|55|00|000000050|000|05022024|06022024|25015.84|651.00|78.12|0.00|0.00|0.00|0.00|0.00|0.00|0.00|0|77788899000177|
|C170|1|PROD006|EMBALAGEM PADRAO F|13.67|UN|150.91|5403|41|0.00|12.00|0.00|0.00|0.00|0.00|0.00|0.00|0.00|
|C170|2|PROD002|COMPONENTE ELETRICO B|9.75|UN|656.54|5403|00|651.00|12.00|78.12|0.00|0.00|0.00|0.00|0.00|0.00|
|C170|3|PROD004|PRODUTO ACABADO D|40.75|UN|24208.39|5403|50|0.00|12.00|0.00|0.00|0.00|0.00|0.00|0.00|0.00|
|C100|1|0|11223344000166|55|00|000000051|000|12022024|12022024|63348.86|42111.41|5053.37|0.00|0.00|0.00|0.00|0.00|0.00|0.00|0|22244466000133|
|C170|1|PROD008|CONJUNTO MONTADO H|26.21|UN|19876.74|6101|70|0.00|12.00|0.00|0.00|0.00|0.00|0.00|0.00|0.00|
|C170|2|PROD007|PARTE SOBRESSALENTE G|39.20|UN|6101.17|6101|90|5869.64|12.00|704.36|0.00|0.00|0.00|0.00|0.00|0.00|
|C170|3|PROD008|CONJUNTO MONTADO H|43.97|UN|37370.95|6101|20|36241.77|12.00|4349.01|0.00|0.00|0.00|0.00|0.00|0.00|
|C100|1|0|11223344000166|55|00|000000052|000|13022024|13022024|43065.29|26995.38|3239.45|0.00|0.00|0.00|0.00|0.00|0.00|0.00|0|55512312300010|
|C170|1|PROD004|PRODUTO ACABADO D|46.40|UN|27656.12|5403|00|26995.38|12.00|3239.45|0.00|0.00|0.00|0.00|0.00|0.00|
|C170|2|PROD006|EMBALAGEM PADRAO F|33.22|UN|278.07|5403|30|0.00|12.00|0.00|0.00|0.00|0.00|0.00|0.00|0.00|
|C170|3|PROD007|PARTE SOBRESSALENTE G|27.00|UN|3030.32|5403|40|0.00|12.00|0.00|0.00|0.00|0.00|0.00|0.00|0.00|
|C170|4|PROD004|PRODUTO ACABADO D|22.75|UN|11732.52|5403|50|0.00|12.00|0.00|0.00|0.00|0.00|0.00|0.00|0.00|
|C170|5|PROD006|EMBALAGEM PADRAO F|39.60|UN|368.26|5403|30|0.00|12.00|0.00|0.00|0.00|0.00|0.00|0.00|0.00|
|C100|1|0|11223344000166|55|00|000000053|000|05022024|07022024|39378.38|31983.27|3838.00|0.00|0.00|0.00|0.00|0.00|0.00|0.00|0|55512312300010|
|C170|1|PROD005|INSUMO INDUSTRIAL E|49.32|UN|1898.67|5403|60|0.00|12.00|0.00|0.00|0.00|0.00|0.00|0.00|0.00|
|C170|2|PROD002|COMPONENTE ELETRICO B|17.50|UN|938.30|5403|00|935.71|12.00|112.29|0.00|0.00|0.00|0.00|0.00|0.00|
|C170|3|PROD006|EMBALAGEM PADRAO F|7.94|UN|47.00|5403|50|0.00|12.00|0.00|0.00|0.00|0.00|0.00|0.00|0.00|
|C170|4|PROD008|CONJUNTO MONTADO H|45.52|UN|36042.28|5403|20|31047.56|12.00|3725.71|0.00|0.00|0.00|0.00|0.00|0.00|
|C170|5|PROD002|COMPONENTE ELETRICO B|6.96|UN|452.13|5403|70|0.00|12.00|0.00|0.00|0.00|0.00|0.00|0.00|0.00|
|C100|1|0|11223344000166|55|00|000000054|000|07022024|07022024|42369.36|2532.05|303.85|0.00|0.00|0.00|0.00|0.00|0.00|0.00|0|77788899000177|
|C170|1|PROD007|PARTE SOBRESSALENTE G|1.62|UN|228.16|5401|00|215.77|12.00|25.89|0.00|0.00|0.00|0.00|0.00|0.00|
|C170|2|PROD007|PARTE SOBRESSALENTE G|18.50|UN|1663.98|5401|00|1489.71|12.00|178.77|0.00|0.00|0.00|0.00|0.00|0.00|
|C170|3|PROD007|PARTE SOBRESSALENTE G|7.11|UN|876.93|5401|00|826.57|12.00|99.19|0.00|0.00|0.00|0.00|0.00|0.00|
|C170|4|PROD004|PRODUTO ACABADO D|41.80|UN|39600.29|5401|60|0.00|12.00|0.00|0.00|0.00|0.00|0.00|0.00|0.00|
|C100|1|0|11223344000166|55|00|000000055|000|01022024|02022024|14555.53|0.00|0.00|0.00|0.00|0.00|0.00|0.00|0.00|0.00|0|99900011000155|
|C170|1|PROD004|PRODUTO ACABADO D|21.18|UN|14555.53|6102|70|0.00|12.00|0.00|0.00|0.00|0.00|0.00|0.00|0.00|
|C100|1|0|11223344000166|55|00|000000056|000|25022024|26022024|43908.96|265.41|31.85|0.00|0.00|0.00|0.00|0.00|0.00|0.00|0|55512312300010|
|C170|1|PROD004|PRODUTO ACABADO D|41.52|UN|29212.48|5403|70|0.00|12.00|0.00|0.00|0.00|0.00|0.00|0.00|0.00|
|C170|2|PROD006|EMBALAGEM PADRAO F|35.96|UN|287.32|5403|00|265.41|12.00|31.85|0.00|0.00|0.00|0.00|0.00|0.00|
|C170|3|PROD003|MATERIAL BRUTO C|40.27|UN|12187.11|5403|60|0.00|12.00|0.00|0.00|0.00|0.00|0.00|0.00|0.00|
|C170|4|PROD006|EMBALAGEM PADRAO F|49.26|UN|358.64|5403|40|0.00|12.00|0.00|0.00|0.00|0.00|0.00|0.00|0.00|
|C170|5|PROD001|PECA MECANICA TIPO A|23.35|UN|1863.41|5403|41|0.00|12.00|0.00|0.00|0.00|0.00|0.00|0.00|0.00|
|C100|1|0|11223344000166|55|00|000000057|000|06022024|09022024|4191.28|2913.11|349.58|0.00|0.00|0.00|0.00|0.00|0.00|0.00|0|99900011000155|
|C170|1|PROD006|EMBALAGEM PADRAO F|42.24|UN|345.54|5401|00|325.56|12.00|39.07|0.00|0.00|0.00|0.00|0.00|0.00|
|C170|2|PROD006|EMBALAGEM PADRAO F|37.87|UN|452.59|5401|30|0.00|12.00|0.00|0.00|0.00|0.00|0.00|0.00|0.00|
|C170|3|PROD001|PECA MECANICA TIPO A|17.27|UN|1215.36|5401|10|1102.16|12.00|132.26|0.00|0.00|0.00|0.00|0.00|0.00|
|C170|4|PROD005|INSUMO INDUSTRIAL E|15.43|UN|569.45|5401|40|0.00|12.00|0.00|0.00|0.00|0.00|0.00|0.00|0.00|
|C170|5|PROD002|COMPONENTE ELETRICO B|49.87|UN|1608.34|5401|00|1485.39|12.00|178.25|0.00|0.00|0.00|0.00|0.00|0.00|
|C100|1|0|11223344000166|55|00|000000058|000|17022024|18022024|23212.26|20666.50|2479.98|0.00|0.00|0.00|0.00|0.00|0.00|0.00|0|22244466000133|
|C170|1|PROD008|CONJUNTO MONTADO H|26.59|UN|22978.28|5401|00|20441.37|12.00|2452.96|0.00|0.00|0.00|0.00|0.00|0.00|
|C170|2|PROD006|EMBALAGEM PADRAO F|43.98|UN|233.98|5401|00|225.13|12.00|27.02|0.00|0.00|0.00|0.00|0.00|0.00|
|C100|1|0|11223344000166|55|00|000000059|000|29022024|02032024|381.61|0.00|0.00|0.00|0.00|0.00|0.00|0.00|0.00|0.00|0|77788899000177|
|C170|1|PROD006|EMBALAGEM PADRAO F|32.18|UN|381.61|5102|50|0.00|12.00|0.00|0.00|0.00|0.00|0.00|0.00|0.00|
|C100|1|0|11223344000166|55|00|000000060|000|05022024|08022024|7603.28|7040.09|844.81|0.00|0.00|0.00|0.00|0.00|0.00|0.00|0|22244466000133|
|C170|1|PROD005|INSUMO INDUSTRIAL E|8.11|UN|285.01|5403|00|253.74|12.00|30.45|0.00|0.00|0.00|0.00|0.00|0.00|
|C170|2|PROD002|COMPONENTE ELETRICO B|10.84|UN|873.76|5403|20|816.69|12.00|98.00|0.00|0.00|0.00|0.00|0.00|0.00|
|C170|3|PROD001|PECA MECANICA TIPO A|1.87|UN|97.11|5403|00|95.82|12.00|11.50|0.00|0.00|0.00|0.00|0.00|0.00|
|C170|4|PROD007|PARTE SOBRESSALENTE G|42.17|UN|6347.40|5403|00|5873.84|12.00|704.86|0.00|0.00|0.00|0.00|0.00|0.00|
|C100|1|0|11223344000166|55|00|000000061|000|02022024|04022024|8077.62|5015.79|601.89|0.00|0.00|0.00|0.00|0.00|0.00|0.00|0|33366699000100|
|C170|1|PROD001|PECA MECANICA TIPO A|24.79|UN|2206.40|5401|00|1941.59|12.00|232.99|0.00|0.00|0.00|0.00|0.00|0.00|
|C170|2|PROD007|PARTE SOBRESSALENTE G|30.20|UN|3300.31|5401|00|3074.20|12.00|368.90|0.00|0.00|0.00|0.00|0.00|0.00|
|C170|3|PROD007|PARTE SOBRESSALENTE G|22.16|UN|2570.91|5401|40|0.00|12.00|0.00|0.00|0.00|0.00|0.00|0.00|0.00|
|C100|1|0|11223344000166|55|00|000000062|000|23022024|26022024|28068.54|5587.95|670.56|0.00|0.00|0.00|0.00|0.00|0.00|0.00|0|33366699000100|
|C170|1|PROD007|PARTE SOBRESSALENTE G|16.81|UN|1880.93|5102|00|1879.72|12.00|225.57|0.00|0.00|0.00|0.00|0.00|0.00|
|C170|2|PROD008|CONJUNTO MONTADO H|16.64|UN|21764.74|5102|60|0.00|12.00|0.00|0.00|0.00|0.00|0.00|0.00|0.00|
|C170|3|PROD006|EMBALAGEM PADRAO F|42.22|UN|353.81|5102|00|342.39|12.00|41.09|0.00|0.00|0.00|0.00|0.00|0.00|
|C170|4|PROD008|CONJUNTO MONTADO H|4.17|UN|3801.76|5102|10|3365.84|12.00|403.90|0.00|0.00|0.00|0.00|0.00|0.00|
|C170|5|PROD006|EMBALAGEM PADRAO F|23.04|UN|267.30|5102|41|0.00|12.00|0.00|0.00|0.00|0.00|0.00|0.00|0.00|
|C100|1|0|11223344000166|55|00|000000063|000|26022024|26022024|702.01|663.80|79.66|0.00|0.00|0.00|0.00|0.00|0.00|0.00|0|22244466000133|
|C170|1|PROD005|INSUMO INDUSTRIAL E|17.71|UN|702.01|5101|00|663.80|12.00|79.66|0.00|0.00|0.00|0.00|0.00|0.00|
|C100|1|0|11223344000166|55|00|000000064|000|26022024|28022024|11093.46|1319.82|158.38|0.00|0.00|0.00|0.00|0.00|0.00|0.00|0|77788899000177|
|C170|1|PROD004|PRODUTO ACABADO D|10.12|UN|9373.70|6102|50|0.00|12.00|0.00|0.00|0.00|0.00|0.00|0.00|0.00|
|C170|2|PROD006|EMBALAGEM PADRAO F|47.35|UN|550.65|6102|90|521.97|12.00|62.64|0.00|0.00|0.00|0.00|0.00|0.00|
|C170|3|PROD005|INSUMO INDUSTRIAL E|22.08|UN|905.64|6102|00|797.85|12.00|95.74|0.00|0.00|0.00|0.00|0.00|0.00|
|C170|4|PROD006|EMBALAGEM PADRAO F|48.88|UN|263.47|6102|40|0.00|12.00|0.00|0.00|0.00|0.00|0.00|0.00|0.00|
|C100|1|0|11223344000166|55|00|000000065|000|21022024|24022024|14006.50|9952.62|1194.31|0.00|0.00|0.00|0.00|0.00|0.00|0.00|0|55512312300010|
|C170|1|PROD002|COMPONENTE ELETRICO B|3.12|UN|109.28|5101|50|0.00|12.00|0.00|0.00|0.00|0.00|0.00|0.00|0.00|
|C170|2|PROD002|COMPONENTE ELETRICO B|32.49|UN|1753.05|5101|20|1649.51|12.00|197.94|0.00|0.00|0.00|0.00|0.00|0.00|
|C170|3|PROD004|PRODUTO ACABADO D|14.16|UN|9692.54|5101|20|8303.11|12.00|996.37|0.00|0.00|0.00|0.00|0.00|0.00|
|C170|4|PROD007|PARTE SOBRESSALENTE G|17.43|UN|2451.63|5101|40|0.00|12.00|0.00|0.00|0.00|0.00|0.00|0.00|0.00|
|C100|1|0|11223344000166|55|00|000000066|000|19022024|21022024|28247.87|1417.33|170.08|0.00|0.00|0.00|0.00|0.00|0.00|0.00|0|99900011000155|
|C170|1|PROD008|CONJUNTO MONTADO H|35.77|UN|26730.24|6101|40|0.00|12.00|0.00|0.00|0.00|0.00|0.00|0.00|0.00|
|C170|2|PROD003|MATERIAL BRUTO C|5.19|UN|1517.63|6101|00|1417.33|12.00|170.08|0.00|0.00|0.00|0.00|0.00|0.00|
|C100|1|0|11223344000166|55|00|000000067|000|23022024|24022024|10011.64|9515.52|1141.86|0.00|0.00|0.00|0.00|0.00|0.00|0.00|0|99900011000155|
|C170|1|PROD002|COMPONENTE ELETRICO B|46.02|UN|2507.98|5403|10|2424.62|12.00|290.95|0.00|0.00|0.00|0.00|0.00|0.00|
|C170|2|PROD003|MATERIAL BRUTO C|31.38|UN|7503.66|5403|10|7090.90|12.00|850.91|0.00|0.00|0.00|0.00|0.00|0.00|
|C100|1|0|11223344000166|55|00|000000068|000|17022024|17022024|16372.59|15863.96|1903.67|0.00|0.00|0.00|0.00|0.00|0.00|0.00|0|55512312300010|
|C170|1|PROD001|PECA MECANICA TIPO A|5.32|UN|547.07|5403|51|471.42|12.00|56.57|0.00|0.00|0.00|0.00|0.00|0.00|
|C170|2|PROD004|PRODUTO ACABADO D|21.39|UN|12933.18|5403|00|12734.79|12.00|1528.17|0.00|0.00|0.00|0.00|0.00|0.00|
|C170|3|PROD003|MATERIAL BRUTO C|10.69|UN|2742.56|5403|00|2657.75|12.00|318.93|0.00|0.00|0.00|0.00|0.00|0.00|
|C170|4|PROD005|INSUMO INDUSTRIAL E|9.46|UN|149.78|5403|40|0.00|12.00|0.00|0.00|0.00|0.00|0.00|0.00|0.00|
|C100|1|0|11223344000166|55|00|000000069|000|06022024|09022024|19551.01|6279.76|753.57|0.00|0.00|0.00|0.00|0.00|0.00|0.00|0|77788899000177|
|C170|1|PROD003|MATERIAL BRUTO C|20.86|UN|6001.52|5401|00|5920.94|12.00|710.51|0.00|0.00|0.00|0.00|0.00|0.00|
|C170|2|PROD003|MATERIAL BRUTO C|39.74|UN|13168.51|5401|40|0.00|12.00|0.00|0.00|0.00|0.00|0.00|0.00|0.00|
|C170|3|PROD005|INSUMO INDUSTRIAL E|21.09|UN|380.98|5401|90|358.82|12.00|43.06|0.00|0.00|0.00|0.00|0.00|0.00|
|C100|1|0|11223344000166|55|00|000000070|000|14022024|17022024|317.57|0.00|0.00|0.00|0.00|0.00|0.00|0.00|0.00|0.00|0|33366699000100|
|C170|1|PROD006|EMBALAGEM PADRAO F|34.86|UN|317.57|5401|40|0.00|12.00|0.00|0.00|0.00|0.00|0.00|0.00|0.00|
|C100|1|0|11223344000166|55|00|000000071|000|21022024|21022024|587.76|529.92|63.59|0.00|0.00|0.00|0.00|0.00|0.00|0.00|0|22244466000133|
|C170|1|PROD006|EMBALAGEM PADRAO F|49.64|UN|587.76|5403|00|529.92|12.00|63.59|0.00|0.00|0.00|0.00|0.00|0.00|
|C100|1|0|11223344000166|55|00|000000072|000|13022024|13022024|6039.00|774.19|92.90|0.00|0.00|0.00|0.00|0.00|0.00|0.00|0|55512312300010|
|C170|1|PROD005|INSUMO INDUSTRIAL E|35.30|UN|593.46|5102|20|592.69|12.00|71.12|0.00|0.00|0.00|0.00|0.00|0.00|
|C170|2|PROD002|COMPONENTE ELETRICO B|24.92|UN|1582.05|5102|50|0.00|12.00|0.00|0.00|0.00|0.00|0.00|0.00|0.00|
|C170|3|PROD002|COMPONENTE ELETRICO B|2.61|UN|190.83|5102|00|181.50|12.00|21.78|0.00|0.00|0.00|0.00|0.00|0.00|
|C170|4|PROD008|CONJUNTO MONTADO H|1.93|UN|2482.04|5102|40|0.00|12.00|0.00|0.00|0.00|0.00|0.00|0.00|0.00|
|C170|5|PROD005|INSUMO INDUSTRIAL E|37.50|UN|1190.62|5102|60|0.00|12.00|0.00|0.00|0.00|0.00|0.00|0.00|0.00|
|C100|1|0|11223344000166|55|00|000000073|000|10022024|13022024|5912.38|587.04|70.45|0.00|0.00|0.00|0.00|0.00|0.00|0.00|0|22244466000133|
|C170|1|PROD006|EMBALAGEM PADRAO F|20.77|UN|161.81|5101|00|148.13|12.00|17.78|0.00|0.00|0.00|0.00|0.00|0.00|
|C170|2|PROD004|PRODUTO ACABADO D|7.59|UN|5297.53|5101|40|0.00|12.00|0.00|0.00|0.00|0.00|0.00|0.00|0.00|
|C170|3|PROD001|PECA MECANICA TIPO A|4.15|UN|453.04|5101|00|438.91|12.00|52.67|0.00|0.00|0.00|0.00|0.00|0.00|
|C100|1|0|11223344000166|55|00|000000074|000|17022024|17022024|74286.28|5195.01|623.40|0.00|0.00|0.00|0.00|0.00|0.00|0.00|0|77788899000177|
|C170|1|PROD008|CONJUNTO MONTADO H|45.99|UN|58371.45|5102|60|0.00|12.00|0.00|0.00|0.00|0.00|0.00|0.00|0.00|
|C170|2|PROD007|PARTE SOBRESSALENTE G|33.48|UN|4015.26|5102|10|3706.09|12.00|444.73|0.00|0.00|0.00|0.00|0.00|0.00|
|C170|3|PROD007|PARTE SOBRESSALENTE G|17.85|UN|1602.48|5102|20|1488.92|12.00|178.67|0.00|0.00|0.00|0.00|0.00|0.00|
|C170|4|PROD003|MATERIAL BRUTO C|30.74|UN|10297.09|5102|30|0.00|12.00|0.00|0.00|0.00|0.00|0.00|0.00|0.00|
|C100|1|0|11223344000166|55|00|000000075|000|09022024|12022024|31938.80|2009.01|241.08|0.00|0.00|0.00|0.00|0.00|0.00|0.00|0|33366699000100|
|C170|1|PROD006|EMBALAGEM PADRAO F|37.51|UN|357.86|5102|70|0.00|12.00|0.00|0.00|0.00|0.00|0.00|0.00|0.00|
|C170|2|PROD008|CONJUNTO MONTADO H|23.06|UN|29262.10|5102|40|0.00|12.00|0.00|0.00|0.00|0.00|0.00|0.00|0.00|
|C170|3|PROD007|PARTE SOBRESSALENTE G|22.88|UN|2318.84|5102|00|2009.01|12.00|241.08|0.00|0.00|0.00|0.00|0.00|0.00|
|C100|1|0|11223344000166|55|00|000000076|000|20022024|20022024|4589.40|675.21|81.03|0.00|0.00|0.00|0.00|0.00|0.00|0.00|0|77788899000177|
|C170|1|PROD005|INSUMO INDUSTRIAL E|20.15|UN|646.41|5401|60|0.00|12.00|0.00|0.00|0.00|0.00|0.00|0.00|0.00|
|C170|2|PROD006|EMBALAGEM PADRAO F|19.38|UN|212.96|5401|40|0.00|12.00|0.00|0.00|0.00|0.00|0.00|0.00|0.00|
|C170|3|PROD003|MATERIAL BRUTO C|5.45|UN|1271.16|5401|40|0.00|12.00|0.00|0.00|0.00|0.00|0.00|0.00|0.00|
|C170|4|PROD005|INSUMO INDUSTRIAL E|29.67|UN|784.82|5401|20|675.21|12.00|81.03|0.00|0.00|0.00|0.00|0.00|0.00|
|C170|5|PROD002|COMPONENTE ELETRICO B|26.03|UN|1674.05|5401|70|0.00|12.00|0.00|0.00|0.00|0.00|0.00|0.00|0.00|
|C100|1|0|11223344000166|55|00|000000077|000|04022024|05022024|2660.74|1459.13|175.10|0.00|0.00|0.00|0.00|0.00|0.00|0.00|0|77788899000177|
|C170|1|PROD002|COMPONENTE ELETRICO B|6.96|UN|233.86|6101|70|0.00|12.00|0.00|0.00|0.00|0.00|0.00|0.00|0.00|
|C170|2|PROD002|COMPONENTE ELETRICO B|42.58|UN|1462.91|6101|10|1459.13|12.00|175.10|0.00|0.00|0.00|0.00|0.00|0.00|
|C170|3|PROD005|INSUMO INDUSTRIAL E|24.67|UN|963.97|6101|40|0.00|12.00|0.00|0.00|0.00|0.00|0.00|0.00|0.00|
|C100|1|0|11223344000166|55|00|000000078|000|09022024|10022024|1212.86|1050.03|126.00|0.00|0.00|0.00|0.00|0.00|0.00|0.00|0|55512312300010|
|C170|1|PROD001|PECA MECANICA TIPO A|16.39|UN|1083.58|5101|10|1050.03|12.00|126.00|0.00|0.00|0.00|0.00|0.00|0.00|
|C170|2|PROD006|EMBALAGEM PADRAO F|12.98|UN|129.28|5101|60|0.00|12.00|0.00|0.00|0.00|0.00|0.00|0.00|0.00|
|C100|1|0|11223344000166|55|00|000000079|000|12022024|12022024|7292.56|6890.26|826.83|0.00|0.00|0.00|0.00|0.00|0.00|0.00|0|33366699000100|
|C170|1|PROD006|EMBALAGEM PADRAO F|14.25|UN|78.93|5102|20|73.86|12.00|8.86|0.00|0.00|0.00|0.00|0.00|0.00|
|C170|2|PROD005|INSUMO INDUSTRIAL E|4.93|UN|202.05|5102|30|0.00|12.00|0.00|0.00|0.00|0.00|0.00|0.00|0.00|
|C170|3|PROD005|INSUMO INDUSTRIAL E|21.31|UN|481.46|5102|20|409.57|12.00|49.15|0.00|0.00|0.00|0.00|0.00|0.00|
|C170|4|PROD006|EMBALAGEM PADRAO F|1.30|UN|8.01|5102|50|0.00|12.00|0.00|0.00|0.00|0.00|0.00|0.00|0.00|
|C170|5|PROD008|CONJUNTO MONTADO H|5.97|UN|6522.11|5102|20|6406.83|12.00|768.82|0.00|0.00|0.00|0.00|0.00|0.00|
|C100|1|0|11223344000166|55|00|000000080|000|21022024|22022024|41127.83|37693.01|4523.16|0.00|0.00|0.00|0.00|0.00|0.00|0.00|0|22244466000133|
|C170|1|PROD002|COMPONENTE ELETRICO B|46.62|UN|1623.70|5102|20|1573.78|12.00|188.85|0.00|0.00|0.00|0.00|0.00|0.00|
|C170|2|PROD003|MATERIAL BRUTO C|46.92|UN|12651.98|5102|90|12491.67|12.00|1499.00|0.00|0.00|0.00|0.00|0.00|0.00|
|C170|3|PROD001|PECA MECANICA TIPO A|6.13|UN|552.93|5102|60|0.00|12.00|0.00|0.00|0.00|0.00|0.00|0.00|0.00|
|C170|4|PROD004|PRODUTO ACABADO D|31.67|UN|25581.58|5102|00|23627.56|12.00|2835.31|0.00|0.00|0.00|0.00|0.00|0.00|
|C170|5|PROD007|PARTE SOBRESSALENTE G|4.63|UN|717.64|5102|40|0.00|12.00|0.00|0.00|0.00|0.00|0.00|0.00|0.00|
|C100|1|0|11223344000166|55|00|000000081|000|14022024|17022024|244.60|243.70|29.24|0.00|0.00|0.00|0.00|0.00|0.00|0.00|0|55512312300010|
|C170|1|PROD006|EMBALAGEM PADRAO F|21.86|UN|244.60|5401|00|243.70|12.00|29.24|0.00|0.00|0.00|0.00|0.00|0.00|
|C100|1|0|11223344000166|55|00|000000082|000|02022024|03022024|28000.40|3485.72|418.29|0.00|0.00|0.00|0.00|0.00|0.00|0.00|0|55512312300010|
|C170|1|PROD001|PECA MECANICA TIPO A|16.56|UN|1610.43|5403|51|1593.34|12.00|191.20|0.00|0.00|0.00|0.00|0.00|0.00|
|C170|2|PROD001|PECA MECANICA TIPO A|13.70|UN|886.07|5403|00|836.55|12.00|100.39|0.00|0.00|0.00|0.00|0.00|0.00|
|C170|3|PROD002|COMPONENTE ELETRICO B|32.95|UN|1158.89|5403|00|1055.83|12.00|126.70|0.00|0.00|0.00|0.00|0.00|0.00|
|C170|4|PROD004|PRODUTO ACABADO D|26.34|UN|24345.01|5403|41|0.00|12.00|0.00|0.00|0.00|0.00|0.00|0.00|0.00|
|C100|1|0|11223344000166|55|00|000000083|000|21022024|21022024|3124.47|0.00|0.00|0.00|0.00|0.00|0.00|0.00|0.00|0.00|0|77788899000177|
|C170|1|PROD005|INSUMO INDUSTRIAL E|46.81|UN|1812.87|6101|40|0.00|12.00|0.00|0.00|0.00|0.00|0.00|0.00|0.00|
|C170|2|PROD005|INSUMO INDUSTRIAL E|14.45|UN|273.27|6101|60|0.00|12.00|0.00|0.00|0.00|0.00|0.00|0.00|0.00|
|C170|3|PROD002|COMPONENTE ELETRICO B|14.06|UN|1038.33|6101|40|0.00|12.00|0.00|0.00|0.00|0.00|0.00|0.00|0.00|
|C100|1|0|11223344000166|55|00|000000084|000|13022024|13022024|6537.11|0.00|0.00|0.00|0.00|0.00|0.00|0.00|0.00|0.00|0|22244466000133|
|C170|1|PROD007|PARTE SOBRESSALENTE G|3.42|UN|501.40|5403|50|0.00|12.00|0.00|0.00|0.00|0.00|0.00|0.00|0.00|
|C170|2|PROD001|PECA MECANICA TIPO A|8.69|UN|1000.13|5403|41|0.00|12.00|0.00|0.00|0.00|0.00|0.00|0.00|0.00|
|C170|3|PROD003|MATERIAL BRUTO C|12.31|UN|3481.82|5403|40|0.00|12.00|0.00|0.00|0.00|0.00|0.00|0.00|0.00|
|C170|4|PROD001|PECA MECANICA TIPO A|20.68|UN|1553.76|5403|60|0.00|12.00|0.00|0.00|0.00|0.00|0.00|0.00|0.00|
|C100|1|0|11223344000166|55|00|000000085|000|29022024|29022024|13387.47|9804.00|1176.48|0.00|0.00|0.00|0.00|0.00|0.00|0.00|0|22244466000133|
|C170|1|PROD008|CONJUNTO MONTADO H|3.10|UN|2744.91|6101|40|0.00|12.00|0.00|0.00|0.00|0.00|0.00|0.00|0.00|
|C170|2|PROD003|MATERIAL BRUTO C|27.77|UN|8937.67|6101|00|8112.84|12.00|973.54|0.00|0.00|0.00|0.00|0.00|0.00|
|C170|3|PROD002|COMPONENTE ELETRICO B|25.33|UN|1704.89|6101|51|1691.16|12.00|202.94|0.00|0.00|0.00|0.00|0.00|0.00|
|C100|1|0|11223344000166|55|00|000000086|000|21022024|24022024|5910.08|2441.06|292.93|0.00|0.00|0.00|0.00|0.00|0.00|0.00|0|77788899000177|
|C170|1|PROD002|COMPONENTE ELETRICO B|47.18|UN|2308.84|5102|40|0.00|12.00|0.00|0.00|0.00|0.00|0.00|0.00|0.00|
|C170|2|PROD007|PARTE SOBRESSALENTE G|6.93|UN|982.04|5102|40|0.00|12.00|0.00|0.00|0.00|0.00|0.00|0.00|0.00|
|C170|3|PROD007|PARTE SOBRESSALENTE G|4.64|UN|716.14|5102|00|673.01|12.00|80.76|0.00|0.00|0.00|0.00|0.00|0.00|
|C170|4|PROD001|PECA MECANICA TIPO A|30.58|UN|1903.06|5102|51|1768.05|12.00|212.17|0.00|0.00|0.00|0.00|0.00|0.00|
|C100|1|0|11223344000166|55|00|000000087|000|17022024|20022024|2652.55|2536.38|304.37|0.00|0.00|0.00|0.00|0.00|0.00|0.00|0|33366699000100|
|C170|1|PROD006|EMBALAGEM PADRAO F|10.31|UN|75.08|5101|30|0.00|12.00|0.00|0.00|0.00|0.00|0.00|0.00|0.00|
|C170|2|PROD001|PECA MECANICA TIPO A|23.27|UN|2577.47|5101|00|2536.38|12.00|304.37|0.00|0.00|0.00|0.00|0.00|0.00|
|C100|1|0|11223344000166|55|00|000000088|000|06022024|06022024|5153.66|362.92|43.55|0.00|0.00|0.00|0.00|0.00|0.00|0.00|0|55512312300010|
|C170|1|PROD006|EMBALAGEM PADRAO F|26.06|UN|241.04|6102|40|0.00|12.00|0.00|0.00|0.00|0.00|0.00|0.00|0.00|
|C170|2|PROD007|PARTE SOBRESSALENTE G|46.02|UN|4513.21|6102|40|0.00|12.00|0.00|0.00|0.00|0.00|0.00|0.00|0.00|
|C170|3|PROD005|INSUMO INDUSTRIAL E|16.79|UN|399.41|6102|00|362.92|12.00|43.55|0.00|0.00|0.00|0.00|0.00|0.00|
|C100|1|0|11223344000166|55|00|000000089|000|20022024|23022024|23728.62|23391.59|2806.99|0.00|0.00|0.00|0.00|0.00|0.00|0.00|0|55512312300010|
|C170|1|PROD007|PARTE SOBRESSALENTE G|36.40|UN|3049.76|5403|00|2795.27|12.00|335.43|0.00|0.00|0.00|0.00|0.00|0.00|
|C170|2|PROD008|CONJUNTO MONTADO H|20.16|UN|20678.86|5403|51|20596.32|12.00|2471.56|0.00|0.00|0.00|0.00|0.00|0.00|
|C100|1|0|11223344000166|55|00|000000090|000|16022024|16022024|11366.79|0.00|0.00|0.00|0.00|0.00|0.00|0.00|0.00|0.00|0|33366699000100|
|C170|1|PROD003|MATERIAL BRUTO C|35.05|UN|11366.79|6101|40|0.00|12.00|0.00|0.00|0.00|0.00|0.00|0.00|0.00|
|C100|1|0|11223344000166|55|00|000000091|000|16022024|17022024|16347.39|11734.01|1408.08|0.00|0.00|0.00|0.00|0.00|0.00|0.00|0|22244466000133|
|C170|1|PROD005|INSUMO INDUSTRIAL E|15.84|UN|350.70|5102|41|0.00|12.00|0.00|0.00|0.00|0.00|0.00|0.00|0.00|
|C170|2|PROD004|PRODUTO ACABADO D|18.41|UN|12427.12|5102|10|10977.17|12.00|1317.26|0.00|0.00|0.00|0.00|0.00|0.00|
|C170|3|PROD003|MATERIAL BRUTO C|4.02|UN|830.29|5102|00|756.84|12.00|90.82|0.00|0.00|0.00|0.00|0.00|0.00|
|C170|4|PROD007|PARTE SOBRESSALENTE G|21.97|UN|2739.28|5102|40|0.00|12.00|0.00|0.00|0.00|0.00|0.00|0.00|0.00|
|C100|1|0|11223344000166|55|00|000000092|000|28022024|29022024|29153.62|25377.77|3045.34|0.00|0.00|0.00|0.00|0.00|0.00|0.00|0|33366699000100|
|C170|1|PROD004|PRODUTO ACABADO D|48.16|UN|28150.03|5403|10|24482.48|12.00|2937.90|0.00|0.00|0.00|0.00|0.00|0.00|
|C170|2|PROD001|PECA MECANICA TIPO A|5.79|UN|453.66|5403|00|427.05|12.00|51.25|0.00|0.00|0.00|0.00|0.00|0.00|
|C170|3|PROD005|INSUMO INDUSTRIAL E|25.28|UN|549.93|5403|20|468.24|12.00|56.19|0.00|0.00|0.00|0.00|0.00|0.00|
|C100|1|0|11223344000166|55|00|000000093|000|18022024|21022024|19892.89|6932.73|831.93|0.00|0.00|0.00|0.00|0.00|0.00|0.00|0|33366699000100|
|C170|1|PROD007|PARTE SOBRESSALENTE G|18.67|UN|1988.41|5403|41|0.00|12.00|0.00|0.00|0.00|0.00|0.00|0.00|0.00|
|C170|2|PROD003|MATERIAL BRUTO C|43.73|UN|9986.58|5403|50|0.00|12.00|0.00|0.00|0.00|0.00|0.00|0.00|0.00|
|C170|3|PROD005|INSUMO INDUSTRIAL E|43.29|UN|823.36|5403|00|805.30|12.00|96.64|0.00|0.00|0.00|0.00|0.00|0.00|
|C170|4|PROD002|COMPONENTE ELETRICO B|10.23|UN|855.98|5403|40|0.00|12.00|0.00|0.00|0.00|0.00|0.00|0.00|0.00|
|C170|5|PROD007|PARTE SOBRESSALENTE G|45.31|UN|6238.56|5403|00|6127.43|12.00|735.29|0.00|0.00|0.00|0.00|0.00|0.00|
|C100|1|0|11223344000166|55|00|000000094|000|10022024|11022024|10569.00|9393.56|1127.22|0.00|0.00|0.00|0.00|0.00|0.00|0.00|0|99900011000155|
|C170|1|PROD001|PECA MECANICA TIPO A|3.34|UN|362.92|6101|40|0.00|12.00|0.00|0.00|0.00|0.00|0.00|0.00|0.00|
|C170|2|PROD006|EMBALAGEM PADRAO F|29.01|UN|168.54|6101|40|0.00|12.00|0.00|0.00|0.00|0.00|0.00|0.00|0.00|
|C170|3|PROD003|MATERIAL BRUTO C|33.97|UN|9796.13|6101|00|9162.03|12.00|1099.44|0.00|0.00|0.00|0.00|0.00|0.00|
|C170|4|PROD001|PECA MECANICA TIPO A|2.98|UN|241.41|6101|20|231.53|12.00|27.78|0.00|0.00|0.00|0.00|0.00|0.00|
|C100|1|0|11223344000166|55|00|000000095|000|21022024|21022024|17697.90|12641.98|1517.04|0.00|0.00|0.00|0.00|0.00|0.00|0.00|0|99900011000155|
|C170|1|PROD008|CONJUNTO MONTADO H|15.49|UN|14856.95|6101|00|12641.98|12.00|1517.04|0.00|0.00|0.00|0.00|0.00|0.00|
|C170|2|PROD002|COMPONENTE ELETRICO B|36.07|UN|2840.95|6101|50|0.00|12.00|0.00|0.00|0.00|0.00|0.00|0.00|0.00|
|C100|1|0|11223344000166|55|00|000000096|000|01022024|02022024|10635.09|545.48|65.46|0.00|0.00|0.00|0.00|0.00|0.00|0.00|0|22244466000133|
|C170|1|PROD001|PECA MECANICA TIPO A|36.35|UN|3455.45|5401|41|0.00|12.00|0.00|0.00|0.00|0.00|0.00|0.00|0.00|
|C170|2|PROD007|PARTE SOBRESSALENTE G|23.70|UN|2167.13|5401|70|0.00|12.00|0.00|0.00|0.00|0.00|0.00|0.00|0.00|
|C170|3|PROD005|INSUMO INDUSTRIAL E|14.37|UN|570.79|5401|20|503.06|12.00|60.37|0.00|0.00|0.00|0.00|0.00|0.00|
|C170|4|PROD005|INSUMO INDUSTRIAL E|1.10|UN|42.84|5401|00|42.42|12.00|5.09|0.00|0.00|0.00|0.00|0.00|0.00|
|C170|5|PROD007|PARTE SOBRESSALENTE G|37.01|UN|4398.88|5401|40|0.00|12.00|0.00|0.00|0.00|0.00|0.00|0.00|0.00|
|C100|1|0|11223344000166|55|00|000000097|000|21022024|22022024|8231.95|7588.12|910.57|0.00|0.00|0.00|0.00|0.00|0.00|0.00|0|55512312300010|
|C170|1|PROD007|PARTE SOBRESSALENTE G|47.53|UN|5298.98|5403|00|4901.24|12.00|588.15|0.00|0.00|0.00|0.00|0.00|0.00|
|C170|2|PROD006|EMBALAGEM PADRAO F|13.15|UN|99.43|5403|20|90.29|12.00|10.83|0.00|0.00|0.00|0.00|0.00|0.00|
|C170|3|PROD001|PECA MECANICA TIPO A|34.12|UN|2578.45|5403|51|2369.20|12.00|284.30|0.00|0.00|0.00|0.00|0.00|0.00|
|C170|4|PROD006|EMBALAGEM PADRAO F|5.76|UN|32.26|5403|00|28.82|12.00|3.46|0.00|0.00|0.00|0.00|0.00|0.00|
|C170|5|PROD006|EMBALAGEM PADRAO F|30.99|UN|222.83|5403|10|198.57|12.00|23.83|0.00|0.00|0.00|0.00|0.00|0.00|
|C100|1|0|11223344000166|55|00|000000098|000|26022024|28022024|3661.40|3310.08|397.21|0.00|0.00|0.00|0.00|0.00|0.00|0.00|0|22244466000133|
|C170|1|PROD001|PECA MECANICA TIPO A|27.29|UN|3032.18|5401|10|2753.01|12.00|330.36|0.00|0.00|0.00|0.00|0.00|0.00|
|C170|2|PROD002|COMPONENTE ELETRICO B|10.94|UN|629.22|5401|00|557.07|12.00|66.85|0.00|0.00|0.00|0.00|0.00|0.00|
|C100|1|0|11223344000166|55|00|000000099|000|20022024|20022024|21671.10|3470.72|416.48|0.00|0.00|0.00|0.00|0.00|0.00|0.00|0|77788899000177|
|C170|1|PROD008|CONJUNTO MONTADO H|15.35|UN|18084.81|6102|40|0.00|12.00|0.00|0.00|0.00|0.00|0.00|0.00|0.00|
|C170|2|PROD001|PECA MECANICA TIPO A|48.77|UN|2552.95|6102|00|2481.44|12.00|297.77|0.00|0.00|0.00|0.00|0.00|0.00|
|C170|3|PROD005|INSUMO INDUSTRIAL E|26.90|UN|1033.34|6102|00|989.28|12.00|118.71|0.00|0.00|0.00|0.00|0.00|0.00|
|C100|1|0|11223344000166|55|00|000000100|000|16022024|19022024|49874.20|22613.24|2713.59|0.00|0.00|0.00|0.00|0.00|0.00|0.00|0|99900011000155|
|C170|1|PROD008|CONJUNTO MONTADO H|4.98|UN|6744.35|5101|90|6228.64|12.00|747.44|0.00|0.00|0.00|0.00|0.00|0.00|
|C170|2|PROD008|CONJUNTO MONTADO H|35.12|UN|26364.38|5101|40|0.00|12.00|0.00|0.00|0.00|0.00|0.00|0.00|0.00|
|C170|3|PROD005|INSUMO INDUSTRIAL E|8.94|UN|211.79|5101|00|200.17|12.00|24.02|0.00|0.00|0.00|0.00|0.00|0.00|
|C170|4|PROD003|MATERIAL BRUTO C|47.94|UN|16553.68|5101|20|16184.43|12.00|1942.13|0.00|0.00|0.00|0.00|0.00|0.00|
|C100|1|0|11223344000166|55|00|000000101|000|06022024|06022024|6202.80|0.00|0.00|0.00|0.00|0.00|0.00|0.00|0.00|0.00|0|77788899000177|
|C170|1|PROD007|PARTE SOBRESSALENTE G|42.11|UN|6202.80|5401|41|0.00|12.00|0.00|0.00|0.00|0.00|0.00|0.00|0.00|
|C100|1|0|11223344000166|55|00|000000102|000|07022024|10022024|68715.11|64198.97|7703.88|0.00|0.00|0.00|0.00|0.00|0.00|0.00|0|77788899000177|
|C170|1|PROD008|CONJUNTO MONTADO H|23.36|UN|26543.84|5102|51|25746.13|12.00|3089.54|0.00|0.00|0.00|0.00|0.00|0.00|
|C170|2|PROD006|EMBALAGEM PADRAO F|39.68|UN|257.10|5102|20|256.74|12.00|30.81|0.00|0.00|0.00|0.00|0.00|0.00|
|C170|3|PROD006|EMBALAGEM PADRAO F|19.99|UN|211.68|5102|41|0.00|12.00|0.00|0.00|0.00|0.00|0.00|0.00|0.00|
|C170|4|PROD008|CONJUNTO MONTADO H|35.50|UN|36222.69|5102|00|33177.98|12.00|3981.36|0.00|0.00|0.00|0.00|0.00|0.00|
|C170|5|PROD007|PARTE SOBRESSALENTE G|47.85|UN|5479.80|5102|90|5018.12|12.00|602.17|0.00|0.00|0.00|0.00|0.00|0.00|
|C100|1|0|11223344000166|55|00|000000103|000|13022024|14022024|12841.14|12077.30|1449.28|0.00|0.00|0.00|0.00|0.00|0.00|0.00|0|55512312300010|
|C170|1|PROD004|PRODUTO ACABADO D|9.51|UN|7788.58|5403|10|7196.24|12.00|863.55|0.00|0.00|0.00|0.00|0.00|0.00|
|C170|2|PROD007|PARTE SOBRESSALENTE G|3.66|UN|356.02|5403|00|355.30|12.00|42.64|0.00|0.00|0.00|0.00|0.00|0.00|
|C170|3|PROD001|PECA MECANICA TIPO A|6.44|UN|686.85|5403|20|652.62|12.00|78.31|0.00|0.00|0.00|0.00|0.00|0.00|
|C170|4|PROD007|PARTE SOBRESSALENTE G|46.18|UN|4009.69|5403|10|3873.14|12.00|464.78|0.00|0.00|0.00|0.00|0.00|0.00|
|C100|1|0|11223344000166|55|00|000000104|000|29022024|29022024|10766.33|9058.91|1087.07|0.00|0.00|0.00|0.00|0.00|0.00|0.00|0|22244466000133|
|C170|1|PROD007|PARTE SOBRESSALENTE G|10.96|UN|1098.81|6101|40|0.00|12.00|0.00|0.00|0.00|0.00|0.00|0.00|0.00|
|C170|2|PROD004|PRODUTO ACABADO D|8.34|UN|7526.21|6101|00|6948.44|12.00|833.81|0.00|0.00|0.00|0.00|0.00|0.00|
|C170|3|PROD001|PECA MECANICA TIPO A|21.29|UN|1202.20|6101|20|1174.09|12.00|140.89|0.00|0.00|0.00|0.00|0.00|0.00|
|C170|4|PROD004|PRODUTO ACABADO D|1.46|UN|939.11|6101|10|936.38|12.00|112.37|0.00|0.00|0.00|0.00|0.00|0.00|
|C100|1|0|11223344000166|55|00|000000105|000|05022024|05022024|1461.14|1344.96|161.40|0.00|0.00|0.00|0.00|0.00|0.00|0.00|0|55512312300010|
|C170|1|PROD002|COMPONENTE ELETRICO B|19.50|UN|1461.14|5403|51|1344.96|12.00|161.40|0.00|0.00|0.00|0.00|0.00|0.00|
|C100|1|0|11223344000166|55|00|000000106|000|09022024|11022024|49654.93|41151.56|4938.18|0.00|0.00|0.00|0.00|0.00|0.00|0.00|0|55512312300010|
|C170|1|PROD004|PRODUTO ACABADO D|48.05|UN|41214.30|6101|00|40880.36|12.00|4905.64|0.00|0.00|0.00|0.00|0.00|0.00|
|C170|2|PROD001|PECA MECANICA TIPO A|48.53|UN|4099.96|6101|41|0.00|12.00|0.00|0.00|0.00|0.00|0.00|0.00|0.00|
|C170|3|PROD006|EMBALAGEM PADRAO F|48.66|UN|292.91|6101|10|271.20|12.00|32.54|0.00|0.00|0.00|0.00|0.00|0.00|
|C170|4|PROD003|MATERIAL BRUTO C|11.53|UN|4007.60|6101|40|0.00|12.00|0.00|0.00|0.00|0.00|0.00|0.00|0.00|
|C170|5|PROD006|EMBALAGEM PADRAO F|4.76|UN|40.16|6101|40|0.00|12.00|0.00|0.00|0.00|0.00|0.00|0.00|0.00|
|C100|1|0|11223344000166|55|00|000000107|000|07022024|10022024|42410.48|5001.05|600.13|0.00|0.00|0.00|0.00|0.00|0.00|0.00|0|99900011000155|
|C170|1|PROD008|CONJUNTO MONTADO H|45.57|UN|36164.79|6101|50|0.00|12.00|0.00|0.00|0.00|0.00|0.00|0.00|0.00|
|C170|2|PROD003|MATERIAL BRUTO C|4.26|UN|856.59|6101|40|0.00|12.00|0.00|0.00|0.00|0.00|0.00|0.00|0.00|
|C170|3|PROD001|PECA MECANICA TIPO A|36.47|UN|3169.80|6101|00|2925.96|12.00|351.12|0.00|0.00|0.00|0.00|0.00|0.00|
|C170|4|PROD001|PECA MECANICA TIPO A|19.50|UN|2219.30|6101|00|2075.09|12.00|249.01|0.00|0.00|0.00|0.00|0.00|0.00|
|C100|1|0|11223344000166|55|00|000000108|000|23022024|24022024|2445.98|391.58|46.99|0.00|0.00|0.00|0.00|0.00|0.00|0.00|0|99900011000155|
|C170|1|PROD006|EMBALAGEM PADRAO F|21.66|UN|236.48|5403|10|235.72|12.00|28.29|0.00|0.00|0.00|0.00|0.00|0.00|
|C170|2|PROD006|EMBALAGEM PADRAO F|22.35|UN|176.76|5403|20|155.86|12.00|18.70|0.00|0.00|0.00|0.00|0.00|0.00|
|C170|3|PROD002|COMPONENTE ELETRICO B|5.26|UN|425.38|5403|50|0.00|12.00|0.00|0.00|0.00|0.00|0.00|0.00|0.00|
|C170|4|PROD007|PARTE SOBRESSALENTE G|17.68|UN|1607.36|5403|40|0.00|12.00|0.00|0.00|0.00|0.00|0.00|0.00|0.00|
|C100|1|0|11223344000166|55|00|000000109|000|08022024|10022024|3511.62|3148.81|377.86|0.00|0.00|0.00|0.00|0.00|0.00|0.00|0|33366699000100|
|C170|1|PROD001|PECA MECANICA TIPO A|36.57|UN|2854.50|5101|00|2652.62|12.00|318.31|0.00|0.00|0.00|0.00|0.00|0.00|
|C170|2|PROD006|EMBALAGEM PADRAO F|43.23|UN|309.12|5101|20|292.47|12.00|35.10|0.00|0.00|0.00|0.00|0.00|0.00|
|C170|3|PROD006|EMBALAGEM PADRAO F|19.81|UN|236.35|5101|00|203.72|12.00|24.45|0.00|0.00|0.00|0.00|0.00|0.00|
|C170|4|PROD002|COMPONENTE ELETRICO B|2.14|UN|111.65|5101|60|0.00|12.00|0.00|0.00|0.00|0.00|0.00|0.00|0.00|
|C100|1|0|11223344000166|55|00|000000110|000|24022024|25022024|21808.30|137.58|16.51|0.00|0.00|0.00|0.00|0.00|0.00|0.00|0|55512312300010|
|C170|1|PROD002|COMPONENTE ELETRICO B|18.38|UN|966.66|6101|40|0.00|12.00|0.00|0.00|0.00|0.00|0.00|0.00|0.00|
|C170|2|PROD003|MATERIAL BRUTO C|3.55|UN|1060.85|6101|41|0.00|12.00|0.00|0.00|0.00|0.00|0.00|0.00|0.00|
|C170|3|PROD001|PECA MECANICA TIPO A|1.69|UN|150.46|6101|00|137.58|12.00|16.51|0.00|0.00|0.00|0.00|0.00|0.00|
|C170|4|PROD008|CONJUNTO MONTADO H|17.60|UN|19630.33|6101|40|0.00|12.00|0.00|0.00|0.00|0.00|0.00|0.00|0.00|
|C100|1|0|11223344000166|55|00|000000111|000|07022024|10022024|24827.92|23445.27|2813.43|0.00|0.00|0.00|0.00|0.00|0.00|0.00|0|55512312300010|
|C170|1|PROD004|PRODUTO ACABADO D|24.27|UN|12385.88|5102|90|12086.86|12.00|1450.42|0.00|0.00|0.00|0.00|0.00|0.00|
|C170|2|PROD008|CONJUNTO MONTADO H|15.40|UN|12442.04|5102|00|11358.41|12.00|1363.01|0.00|0.00|0.00|0.00|0.00|0.00|
|C100|1|0|11223344000166|55|00|000000112|000|16022024|18022024|16275.49|3588.04|430.56|0.00|0.00|0.00|0.00|0.00|0.00|0.00|0|77788899000177|
|C170|1|PROD003|MATERIAL BRUTO C|45.15|UN|12528.29|5403|70|0.00|12.00|0.00|0.00|0.00|0.00|0.00|0.00|0.00|
|C170|2|PROD001|PECA MECANICA TIPO A|40.89|UN|3747.20|5403|90|3588.04|12.00|430.56|0.00|0.00|0.00|0.00|0.00|0.00|
|C100|1|0|11223344000166|55|00|000000113|000|16022024|16022024|29367.20|2977.53|357.30|0.00|0.00|0.00|0.00|0.00|0.00|0.00|0|99900011000155|
|C170|1|PROD007|PARTE SOBRESSALENTE G|39.83|UN|3323.65|5102|10|2977.53|12.00|357.30|0.00|0.00|0.00|0.00|0.00|0.00|
|C170|2|PROD004|PRODUTO ACABADO D|37.31|UN|26043.55|5102|70|0.00|12.00|0.00|0.00|0.00|0.00|0.00|0.00|0.00|
|C100|1|0|11223344000166|55|00|000000114|000|12022024|15022024|12366.88|2655.37|318.65|0.00|0.00|0.00|0.00|0.00|0.00|0.00|0|55512312300010|
|C170|1|PROD003|MATERIAL BRUTO C|14.39|UN|3092.34|5403|41|0.00|12.00|0.00|0.00|0.00|0.00|0.00|0.00|0.00|
|C170|2|PROD002|COMPONENTE ELETRICO B|33.15|UN|2519.17|5403|10|2479.65|12.00|297.56|0.00|0.00|0.00|0.00|0.00|0.00|
|C170|3|PROD006|EMBALAGEM PADRAO F|23.24|UN|196.13|5403|20|175.72|12.00|21.09|0.00|0.00|0.00|0.00|0.00|0.00|
|C170|4|PROD006|EMBALAGEM PADRAO F|19.43|UN|130.79|5403|41|0.00|12.00|0.00|0.00|0.00|0.00|0.00|0.00|0.00|
|C170|5|PROD004|PRODUTO ACABADO D|9.95|UN|6428.45|5403|41|0.00|12.00|0.00|0.00|0.00|0.00|0.00|0.00|0.00|
|C100|1|0|11223344000166|55|00|000000115|000|13022024|15022024|9458.94|0.00|0.00|0.00|0.00|0.00|0.00|0.00|0.00|0.00|0|99900011000155|
|C170|1|PROD006|EMBALAGEM PADRAO F|10.58|UN|80.00|5102|40|0.00|12.00|0.00|0.00|0.00|0.00|0.00|0.00|0.00|
|C170|2|PROD001|PECA MECANICA TIPO A|4.88|UN|585.67|5102|40|0.00|12.00|0.00|0.00|0.00|0.00|0.00|0.00|0.00|
|C170|3|PROD003|MATERIAL BRUTO C|42.37|UN|8793.27|5102|40|0.00|12.00|0.00|0.00|0.00|0.00|0.00|0.00|0.00|
|C100|1|0|11223344000166|55|00|000000116|000|05022024|08022024|99297.18|75522.47|9062.69|0.00|0.00|0.00|0.00|0.00|0.00|0.00|0|77788899000177|
|C170|1|PROD008|CONJUNTO MONTADO H|31.31|UN|31124.86|6102|00|27526.93|12.00|3303.23|0.00|0.00|0.00|0.00|0.00|0.00|
|C170|2|PROD004|PRODUTO ACABADO D|14.62|UN|12347.81|6102|40|0.00|12.00|0.00|0.00|0.00|0.00|0.00|0.00|0.00|
|C170|3|PROD008|CONJUNTO MONTADO H|44.61|UN|55824.51|6102|90|47995.54|12.00|5759.46|0.00|0.00|0.00|0.00|0.00|0.00|
|C100|1|0|11223344000166|55|00|000000117|000|17022024|17022024|63881.46|58509.87|7021.18|0.00|0.00|0.00|0.00|0.00|0.00|0.00|0|33366699000100|
|C170|1|PROD006|EMBALAGEM PADRAO F|6.06|UN|47.60|6101|00|47.33|12.00|5.68|0.00|0.00|0.00|0.00|0.00|0.00|
|C170|2|PROD004|PRODUTO ACABADO D|41.40|UN|23015.64|6101|00|21574.69|12.00|2588.96|0.00|0.00|0.00|0.00|0.00|0.00|
|C170|3|PROD008|CONJUNTO MONTADO H|41.09|UN|39736.79|6101|20|35936.24|12.00|4312.35|0.00|0.00|0.00|0.00|0.00|0.00|
|C170|4|PROD006|EMBALAGEM PADRAO F|14.49|UN|81.57|6101|60|0.00|12.00|0.00|0.00|0.00|0.00|0.00|0.00|0.00|
|C170|5|PROD005|INSUMO INDUSTRIAL E|35.99|UN|999.86|6101|20|951.61|12.00|114.19|0.00|0.00|0.00|0.00|0.00|0.00|
|C100|1|0|11223344000166|55|00|000000118|000|10022024|13022024|31894.32|21707.61|2604.91|0.00|0.00|0.00|0.00|0.00|0.00|0.00|0|33366699000100|
|C170|1|PROD004|PRODUTO ACABADO D|2.80|UN|1470.81|5101|60|0.00|12.00|0.00|0.00|0.00|0.00|0.00|0.00|0.00|
|C170|2|PROD003|MATERIAL BRUTO C|7.89|UN|2443.63|5101|41|0.00|12.00|0.00|0.00|0.00|0.00|0.00|0.00|0.00|
|C170|3|PROD001|PECA MECANICA TIPO A|36.01|UN|2600.35|5101|40|0.00|12.00|0.00|0.00|0.00|0.00|0.00|0.00|0.00|
|C170|4|PROD008|CONJUNTO MONTADO H|32.08|UN|24727.14|5101|00|21135.20|12.00|2536.22|0.00|0.00|0.00|0.00|0.00|0.00|
|C170|5|PROD001|PECA MECANICA TIPO A|11.68|UN|652.39|5101|00|572.41|12.00|68.69|0.00|0.00|0.00|0.00|0.00|0.00|
|C100|1|0|11223344000166|55|00|000000119|000|05022024|07022024|8805.81|2189.97|262.80|0.00|0.00|0.00|0.00|0.00|0.00|0.00|0|55512312300010|
|C170|1|PROD007|PARTE SOBRESSALENTE G|15.12|UN|1408.67|6102|20|1282.56|12.00|153.91|0.00|0.00|0.00|0.00|0.00|0.00|
|C170|2|PROD002|COMPONENTE ELETRICO B|9.71|UN|642.48|6102|20|632.18|12.00|75.86|0.00|0.00|0.00|0.00|0.00|0.00|
|C170|3|PROD003|MATERIAL BRUTO C|20.21|UN|6412.72|6102|60|0.00|12.00|0.00|0.00|0.00|0.00|0.00|0.00|0.00|
|C170|4|PROD006|EMBALAGEM PADRAO F|3.13|UN|34.61|6102|40|0.00|12.00|0.00|0.00|0.00|0.00|0.00|0.00|0.00|
|C170|5|PROD006|EMBALAGEM PADRAO F|35.69|UN|307.33|6102|10|275.23|12.00|33.03|0.00|0.00|0.00|0.00|0.00|0.00|
|C100|1|0|11223344000166|55|00|000000120|000|27022024|27022024|18.11|16.41|1.97|0.00|0.00|0.00|0.00|0.00|0.00|0.00|0|55512312300010|
|C170|1|PROD006|EMBALAGEM PADRAO F|2.41|UN|18.11|6102|00|16.41|12.00|1.97|0.00|0.00|0.00|0.00|0.00|0.00|
|C100|1|0|11223344000166|55|00|000000121|000|28022024|01032024|10625.26|7311.32|877.36|0.00|0.00|0.00|0.00|0.00|0.00|0.00|0|55512312300010|
|C170|1|PROD006|EMBALAGEM PADRAO F|22.86|UN|256.22|5401|40|0.00|12.00|0.00|0.00|0.00|0.00|0.00|0.00|0.00|
|C170|2|PROD004|PRODUTO ACABADO D|4.17|UN|2186.57|5401|60|0.00|12.00|0.00|0.00|0.00|0.00|0.00|0.00|0.00|
|C170|3|PROD008|CONJUNTO MONTADO H|7.68|UN|8182.47|5401|20|7311.32|12.00|877.36|0.00|0.00|0.00|0.00|0.00|0.00|
|C100|1|0|11223344000166|55|00|000000122|000|17022024|17022024|125.18|113.55|13.63|0.00|0.00|0.00|0.00|0.00|0.00|0.00|0|22244466000133|
|C170|1|PROD006|EMBALAGEM PADRAO F|13.36|UN|125.18|6101|10|113.55|12.00|13.63|0.00|0.00|0.00|0.00|0.00|0.00|
|C100|1|0|11223344000166|55|00|000000123|000|23022024|23022024|78976.83|16385.74|1966.29|0.00|0.00|0.00|0.00|0.00|0.00|0.00|0|33366699000100|
|C170|1|PROD008|CONJUNTO MONTADO H|43.47|UN|45225.32|6102|50|0.00|12.00|0.00|0.00|0.00|0.00|0.00|0.00|0.00|
|C170|2|PROD007|PARTE SOBRESSALENTE G|28.41|UN|2512.23|6102|00|2164.67|12.00|259.76|0.00|0.00|0.00|0.00|0.00|0.00|
|C170|3|PROD006|EMBALAGEM PADRAO F|13.84|UN|120.86|6102|70|0.00|12.00|0.00|0.00|0.00|0.00|0.00|0.00|0.00|
|C170|4|PROD004|PRODUTO ACABADO D|21.35|UN|15842.66|6102|00|14221.07|12.00|1706.53|0.00|0.00|0.00|0.00|0.00|0.00|
|C170|5|PROD008|CONJUNTO MONTADO H|14.13|UN|15275.76|6102|41|0.00|12.00|0.00|0.00|0.00|0.00|0.00|0.00|0.00|
|C100|1|0|11223344000166|55|00|000000124|000|23022024|26022024|8792.78|0.00|0.00|0.00|0.00|0.00|0.00|0.00|0.00|0.00|0|99900011000155|
|C170|1|PROD007|PARTE SOBRESSALENTE G|40.48|UN|4822.45|5401|50|0.00|12.00|0.00|0.00|0.00|0.00|0.00|0.00|0.00|
|C170|2|PROD003|MATERIAL BRUTO C|17.97|UN|3970.33|5401|40|0.00|12.00|0.00|0.00|0.00|0.00|0.00|0.00|0.00|
|C100|1|0|11223344000166|55|00|000000125|000|28022024|29022024|40909.33|32989.28|3958.72|0.00|0.00|0.00|0.00|0.00|0.00|0.00|0|33366699000100|
|C170|1|PROD006|EMBALAGEM PADRAO F|3.13|UN|33.89|5102|90|29.71|12.00|3.57|0.00|0.00|0.00|0.00|0.00|0.00|
|C170|2|PROD006|EMBALAGEM PADRAO F|34.59|UN|309.96|5102|10|299.89|12.00|35.99|0.00|0.00|0.00|0.00|0.00|0.00|
|C170|3|PROD008|CONJUNTO MONTADO H|37.67|UN|37802.35|5102|00|32659.68|12.00|3919.16|0.00|0.00|0.00|0.00|0.00|0.00|
|C170|4|PROD001|PECA MECANICA TIPO A|39.85|UN|2016.21|5102|41|0.00|12.00|0.00|0.00|0.00|0.00|0.00|0.00|0.00|
|C170|5|PROD001|PECA MECANICA TIPO A|10.98|UN|746.92|5102|40|0.00|12.00|0.00|0.00|0.00|0.00|0.00|0.00|0.00|
|C100|1|0|11223344000166|55|00|000000126|000|22022024|23022024|62760.57|91.67|11.00|0.00|0.00|0.00|0.00|0.00|0.00|0.00|0|99900011000155|
|C170|1|PROD008|CONJUNTO MONTADO H|46.50|UN|62666.70|5101|41|0.00|12.00|0.00|0.00|0.00|0.00|0.00|0.00|0.00|
|C170|2|PROD005|INSUMO INDUSTRIAL E|2.78|UN|93.87|5101|20|91.67|12.00|11.00|0.00|0.00|0.00|0.00|0.00|0.00|
|C100|1|0|11223344000166|55|00|000000127|000|15022024|15022024|19228.29|4176.25|501.15|0.00|0.00|0.00|0.00|0.00|0.00|0.00|0|33366699000100|
|C170|1|PROD007|PARTE SOBRESSALENTE G|34.82|UN|4388.39|5401|00|4004.00|12.00|480.48|0.00|0.00|0.00|0.00|0.00|0.00|
|C170|2|PROD003|MATERIAL BRUTO C|44.80|UN|14653.99|5401|40|0.00|12.00|0.00|0.00|0.00|0.00|0.00|0.00|0.00|
|C170|3|PROD002|COMPONENTE ELETRICO B|4.08|UN|185.91|5401|10|172.25|12.00|20.67|0.00|0.00|0.00|0.00|0.00|0.00|
|C100|1|0|11223344000166|55|00|000000128|000|20022024|20022024|9921.07|327.79|39.33|0.00|0.00|0.00|0.00|0.00|0.00|0.00|0|33366699000100|
|C170|1|PROD001|PECA MECANICA TIPO A|2.42|UN|173.85|6101|40|0.00|12.00|0.00|0.00|0.00|0.00|0.00|0.00|0.00|
|C170|2|PROD006|EMBALAGEM PADRAO F|49.47|UN|371.53|6101|00|327.79|12.00|39.33|0.00|0.00|0.00|0.00|0.00|0.00|
|C170|3|PROD008|CONJUNTO MONTADO H|7.28|UN|9375.69|6101|50|0.00|12.00|0.00|0.00|0.00|0.00|0.00|0.00|0.00|
|C100|1|0|11223344000166|55|00|000000129|000|24022024|26022024|631.05|580.70|69.68|0.00|0.00|0.00|0.00|0.00|0.00|0.00|0|77788899000177|
|C170|1|PROD001|PECA MECANICA TIPO A|5.75|UN|631.05|6102|00|580.70|12.00|69.68|0.00|0.00|0.00|0.00|0.00|0.00|
|C100|1|0|11223344000166|55|00|000000130|000|08022024|09022024|28913.19|20691.75|2483.01|0.00|0.00|0.00|0.00|0.00|0.00|0.00|0|55512312300010|
|C170|1|PROD003|MATERIAL BRUTO C|24.54|UN|7354.15|5101|40|0.00|12.00|0.00|0.00|0.00|0.00|0.00|0.00|0.00|
|C170|2|PROD004|PRODUTO ACABADO D|28.13|UN|21559.04|5101|51|20691.75|12.00|2483.01|0.00|0.00|0.00|0.00|0.00|0.00|
|C100|1|0|11223344000166|55|00|000000131|000|10022024|10022024|42639.89|347.17|41.66|0.00|0.00|0.00|0.00|0.00|0.00|0.00|0|22244466000133|
|C170|1|PROD001|PECA MECANICA TIPO A|8.65|UN|773.30|5101|40|0.00|12.00|0.00|0.00|0.00|0.00|0.00|0.00|0.00|
|C170|2|PROD008|CONJUNTO MONTADO H|25.28|UN|20808.34|5101|41|0.00|12.00|0.00|0.00|0.00|0.00|0.00|0.00|0.00|
|C170|3|PROD006|EMBALAGEM PADRAO F|26.83|UN|200.17|5101|10|189.11|12.00|22.69|0.00|0.00|0.00|0.00|0.00|0.00|
|C170|4|PROD001|PECA MECANICA TIPO A|2.76|UN|177.10|5101|00|158.06|12.00|18.97|0.00|0.00|0.00|0.00|0.00|0.00|
|C170|5|PROD004|PRODUTO ACABADO D|29.10|UN|20680.98|5101|60|0.00|12.00|0.00|0.00|0.00|0.00|0.00|0.00|0.00|
|C100|1|0|11223344000166|55|00|000000132|000|02022024|03022024|57879.85|51756.24|6210.75|0.00|0.00|0.00|0.00|0.00|0.00|0.00|0|55512312300010|
|C170|1|PROD007|PARTE SOBRESSALENTE G|44.24|UN|4342.89|6102|00|4299.19|12.00|515.90|0.00|0.00|0.00|0.00|0.00|0.00|
|C170|2|PROD008|CONJUNTO MONTADO H|39.99|UN|51436.56|6102|90|45606.14|12.00|5472.74|0.00|0.00|0.00|0.00|0.00|0.00|
|C170|3|PROD001|PECA MECANICA TIPO A|24.90|UN|2100.40|6102|00|1850.91|12.00|222.11|0.00|0.00|0.00|0.00|0.00|0.00|
|C100|1|0|11223344000166|55|00|000000133|000|11022024|12022024|27295.25|20450.77|2454.09|0.00|0.00|0.00|0.00|0.00|0.00|0.00|0|99900011000155|
|C170|1|PROD007|PARTE SOBRESSALENTE G|46.81|UN|6187.35|6101|60|0.00|12.00|0.00|0.00|0.00|0.00|0.00|0.00|0.00|
|C170|2|PROD006|EMBALAGEM PADRAO F|12.39|UN|147.19|6101|00|126.52|12.00|15.18|0.00|0.00|0.00|0.00|0.00|0.00|
|C170|3|PROD002|COMPONENTE ELETRICO B|18.83|UN|933.59|6101|00|807.75|12.00|96.93|0.00|0.00|0.00|0.00|0.00|0.00|
|C170|4|PROD004|PRODUTO ACABADO D|20.57|UN|19544.08|6101|20|19080.90|12.00|2289.71|0.00|0.00|0.00|0.00|0.00|0.00|
|C170|5|PROD002|COMPONENTE ELETRICO B|11.36|UN|483.04|6101|90|435.60|12.00|52.27|0.00|0.00|0.00|0.00|0.00|0.00|
|C100|1|0|11223344000166|55|00|000000134|000|25022024|28022024|23606.41|10891.64|1307.00|0.00|0.00|0.00|0.00|0.00|0.00|0.00|0|55512312300010|
|C170|1|PROD003|MATERIAL BRUTO C|28.34|UN|7607.54|6101|10|7336.50|12.00|880.38|0.00|0.00|0.00|0.00|0.00|0.00|
|C170|2|PROD003|MATERIAL BRUTO C|49.35|UN|11695.18|6101|40|0.00|12.00|0.00|0.00|0.00|0.00|0.00|0.00|0.00|
|C170|3|PROD002|COMPONENTE ELETRICO B|2.81|UN|174.07|6101|40|0.00|12.00|0.00|0.00|0.00|0.00|0.00|0.00|0.00|
|C170|4|PROD007|PARTE SOBRESSALENTE G|44.69|UN|4129.62|6101|51|3555.14|12.00|426.62|0.00|0.00|0.00|0.00|0.00|0.00|
|C100|1|0|11223344000166|55|00|000000135|000|16022024|16022024|43448.25|39863.42|4783.61|0.00|0.00|0.00|0.00|0.00|0.00|0.00|0|22244466000133|
|C170|1|PROD006|EMBALAGEM PADRAO F|6.52|UN|54.64|5401|00|47.73|12.00|5.73|0.00|0.00|0.00|0.00|0.00|0.00|
|C170|2|PROD004|PRODUTO ACABADO D|4.23|UN|2812.39|5401|00|2683.61|12.00|322.03|0.00|0.00|0.00|0.00|0.00|0.00|
|C170|3|PROD004|PRODUTO ACABADO D|43.06|UN|40581.22|5401|00|37132.08|12.00|4455.85|0.00|0.00|0.00|0.00|0.00|0.00|
|C100|1|0|11223344000166|55|00|000000136|000|29022024|01032024|699.70|659.83|79.18|0.00|0.00|0.00|0.00|0.00|0.00|0.00|0|99900011000155|
|C170|1|PROD005|INSUMO INDUSTRIAL E|25.27|UN|699.70|5403|51|659.83|12.00|79.18|0.00|0.00|0.00|0.00|0.00|0.00|
|C100|1|0|11223344000166|55|00|000000137|000|04022024|05022024|3999.80|3724.54|446.94|0.00|0.00|0.00|0.00|0.00|0.00|0.00|0|33366699000100|
|C170|1|PROD007|PARTE SOBRESSALENTE G|31.88|UN|3999.80|5101|20|3724.54|12.00|446.94|0.00|0.00|0.00|0.00|0.00|0.00|
|C100|1|0|11223344000166|55|00|000000138|000|07022024|09022024|2729.47|201.82|24.22|0.00|0.00|0.00|0.00|0.00|0.00|0.00|0|22244466000133|
|C170|1|PROD001|PECA MECANICA TIPO A|24.14|UN|1808.46|6101|41|0.00|12.00|0.00|0.00|0.00|0.00|0.00|0.00|0.00|
|C170|2|PROD002|COMPONENTE ELETRICO B|15.78|UN|689.92|6101|70|0.00|12.00|0.00|0.00|0.00|0.00|0.00|0.00|0.00|
|C170|3|PROD006|EMBALAGEM PADRAO F|24.98|UN|231.09|6101|00|201.82|12.00|24.22|0.00|0.00|0.00|0.00|0.00|0.00|
|C100|1|0|11223344000166|55|00|000000139|000|14022024|15022024|2608.74|1879.74|225.57|0.00|0.00|0.00|0.00|0.00|0.00|0.00|0|33366699000100|
|C170|1|PROD001|PECA MECANICA TIPO A|8.56|UN|893.31|6101|90|799.50|12.00|95.94|0.00|0.00|0.00|0.00|0.00|0.00|
|C170|2|PROD001|PECA MECANICA TIPO A|7.49|UN|474.77|6101|60|0.00|12.00|0.00|0.00|0.00|0.00|0.00|0.00|0.00|
|C170|3|PROD002|COMPONENTE ELETRICO B|16.27|UN|1240.66|6101|00|1080.24|12.00|129.63|0.00|0.00|0.00|0.00|0.00|0.00|
|C100|1|0|11223344000166|55|00|000000140|000|04022024|06022024|6888.91|3031.86|363.83|0.00|0.00|0.00|0.00|0.00|0.00|0.00|0|33366699000100|
|C170|1|PROD003|MATERIAL BRUTO C|7.68|UN|1622.30|5401|40|0.00|12.00|0.00|0.00|0.00|0.00|0.00|0.00|0.00|
|C170|2|PROD002|COMPONENTE ELETRICO B|48.77|UN|1488.43|5401|10|1282.63|12.00|153.92|0.00|0.00|0.00|0.00|0.00|0.00|
|C170|3|PROD003|MATERIAL BRUTO C|6.17|UN|1858.45|5401|10|1749.23|12.00|209.91|0.00|0.00|0.00|0.00|0.00|0.00|
|C170|4|PROD002|COMPONENTE ELETRICO B|33.81|UN|1919.73|5401|50|0.00|12.00|0.00|0.00|0.00|0.00|0.00|0.00|0.00|
|C100|1|0|11223344000166|55|00|000000141|000|21022024|23022024|4563.35|3072.99|368.76|0.00|0.00|0.00|0.00|0.00|0.00|0.00|0|77788899000177|
|C170|1|PROD005|INSUMO INDUSTRIAL E|38.44|UN|1343.76|5401|60|0.00|12.00|0.00|0.00|0.00|0.00|0.00|0.00|0.00|
|C170|2|PROD007|PARTE SOBRESSALENTE G|22.27|UN|3219.59|5401|51|3072.99|12.00|368.76|0.00|0.00|0.00|0.00|0.00|0.00|
|C100|1|0|11223344000166|55|00|000000142|000|24022024|25022024|16530.19|2264.24|271.71|0.00|0.00|0.00|0.00|0.00|0.00|0.00|0|55512312300010|
|C170|1|PROD005|INSUMO INDUSTRIAL E|47.59|UN|1605.79|6102|30|0.00|12.00|0.00|0.00|0.00|0.00|0.00|0.00|0.00|
|C170|2|PROD004|PRODUTO ACABADO D|13.95|UN|12298.37|6102|60|0.00|12.00|0.00|0.00|0.00|0.00|0.00|0.00|0.00|
|C170|3|PROD001|PECA MECANICA TIPO A|23.84|UN|2451.94|6102|00|2099.49|12.00|251.94|0.00|0.00|0.00|0.00|0.00|0.00|
|C170|4|PROD002|COMPONENTE ELETRICO B|3.96|UN|174.09|6102|90|164.75|12.00|19.77|0.00|0.00|0.00|0.00|0.00|0.00|
|C100|1|0|11223344000166|55|00|000000143|000|05022024|06022024|86944.71|77291.96|9275.03|0.00|0.00|0.00|0.00|0.00|0.00|0.00|0|77788899000177|
|C170|1|PROD003|MATERIAL BRUTO C|15.56|UN|3830.35|6102|40|0.00|12.00|0.00|0.00|0.00|0.00|0.00|0.00|0.00|
|C170|2|PROD008|CONJUNTO MONTADO H|33.90|UN|44461.71|6102|51|39271.40|12.00|4712.57|0.00|0.00|0.00|0.00|0.00|0.00|
|C170|3|PROD002|COMPONENTE ELETRICO B|29.32|UN|1216.28|6102|20|1153.11|12.00|138.37|0.00|0.00|0.00|0.00|0.00|0.00|
|C170|4|PROD004|PRODUTO ACABADO D|47.96|UN|37436.37|6102|00|36867.45|12.00|4424.09|0.00|0.00|0.00|0.00|0.00|0.00|
|C100|1|0|11223344000166|55|00|000000144|000|28022024|01032024|30054.65|26762.17|3211.47|0.00|0.00|0.00|0.00|0.00|0.00|0.00|0|77788899000177|
|C170|1|PROD004|PRODUTO ACABADO D|38.18|UN|20246.32|5102|00|17985.39|12.00|2158.25|0.00|0.00|0.00|0.00|0.00|0.00|
|C170|2|PROD003|MATERIAL BRUTO C|38.23|UN|8344.46|5102|10|7451.46|12.00|894.18|0.00|0.00|0.00|0.00|0.00|0.00|
|C170|3|PROD002|COMPONENTE ELETRICO B|33.98|UN|1270.40|5102|00|1145.16|12.00|137.42|0.00|0.00|0.00|0.00|0.00|0.00|
|C170|4|PROD006|EMBALAGEM PADRAO F|25.66|UN|193.47|5102|10|180.16|12.00|21.62|0.00|0.00|0.00|0.00|0.00|0.00|
|C100|1|0|11223344000166|55|00|000000145|000|19022024|19022024|31449.13|0.00|0.00|0.00|0.00|0.00|0.00|0.00|0.00|0.00|0|33366699000100|
|C170|1|PROD005|INSUMO INDUSTRIAL E|46.71|UN|1045.46|6102|40|0.00|12.00|0.00|0.00|0.00|0.00|0.00|0.00|0.00|
|C170|2|PROD008|CONJUNTO MONTADO H|18.12|UN|23669.69|6102|40|0.00|12.00|0.00|0.00|0.00|0.00|0.00|0.00|0.00|
|C170|3|PROD002|COMPONENTE ELETRICO B|11.37|UN|720.90|6102|41|0.00|12.00|0.00|0.00|0.00|0.00|0.00|0.00|0.00|
|C170|4|PROD003|MATERIAL BRUTO C|6.14|UN|1922.19|6102|41|0.00|12.00|0.00|0.00|0.00|0.00|0.00|0.00|0.00|
|C170|5|PROD004|PRODUTO ACABADO D|4.44|UN|4090.89|6102|50|0.00|12.00|0.00|0.00|0.00|0.00|0.00|0.00|0.00|
|C100|1|0|11223344000166|55|00|000000146|000|05022024|05022024|3410.26|0.00|0.00|0.00|0.00|0.00|0.00|0.00|0.00|0.00|0|77788899000177|
|C170|1|PROD007|PARTE SOBRESSALENTE G|38.71|UN|3410.26|5102|60|0.00|12.00|0.00|0.00|0.00|0.00|0.00|0.00|0.00|
|C100|1|0|11223344000166|55|00|000000147|000|14022024|15022024|2815.20|0.00|0.00|0.00|0.00|0.00|0.00|0.00|0.00|0.00|0|22244466000133|
|C170|1|PROD007|PARTE SOBRESSALENTE G|29.16|UN|2815.20|5401|40|0.00|12.00|0.00|0.00|0.00|0.00|0.00|0.00|0.00|
|C100|1|0|11223344000166|55|00|000000148|000|05022024|06022024|1262.01|0.00|0.00|0.00|0.00|0.00|0.00|0.00|0.00|0.00|0|55512312300010|
|C170|1|PROD002|COMPONENTE ELETRICO B|16.97|UN|1262.01|5102|40|0.00|12.00|0.00|0.00|0.00|0.00|0.00|0.00|0.00|
|C100|1|0|11223344000166|55|00|000000149|000|01022024|01022024|7548.51|7192.02|863.03|0.00|0.00|0.00|0.00|0.00|0.00|0.00|0|55512312300010|
|C170|1|PROD007|PARTE SOBRESSALENTE G|27.88|UN|3688.10|5403|20|3632.62|12.00|435.91|0.00|0.00|0.00|0.00|0.00|0.00|
|C170|2|PROD007|PARTE SOBRESSALENTE G|18.46|UN|2248.62|5403|00|2175.53|12.00|261.06|0.00|0.00|0.00|0.00|0.00|0.00|
|C170|3|PROD005|INSUMO INDUSTRIAL E|43.75|UN|1611.79|5403|51|1383.87|12.00|166.06|0.00|0.00|0.00|0.00|0.00|0.00|
|C100|1|0|11223344000166|55|00|000000150|000|14022024|17022024|61876.70|53754.31|6450.52|0.00|0.00|0.00|0.00|0.00|0.00|0.00|0|22244466000133|
|C170|1|PROD008|CONJUNTO MONTADO H|19.52|UN|15661.35|5401|51|15122.43|12.00|1814.69|0.00|0.00|0.00|0.00|0.00|0.00|
|C170|2|PROD001|PECA MECANICA TIPO A|46.84|UN|5541.29|5401|10|5353.22|12.00|642.39|0.00|0.00|0.00|0.00|0.00|0.00|
|C170|3|PROD007|PARTE SOBRESSALENTE G|29.08|UN|2948.41|5401|40|0.00|12.00|0.00|0.00|0.00|0.00|0.00|0.00|0.00|
|C170|4|PROD005|INSUMO INDUSTRIAL E|22.12|UN|546.49|5401|70|0.00|12.00|0.00|0.00|0.00|0.00|0.00|0.00|0.00|
|C170|5|PROD008|CONJUNTO MONTADO H|28.59|UN|37179.16|5401|00|33278.66|12.00|3993.44|0.00|0.00|0.00|0.00|0.00|0.00|
|C100|1|0|11223344000166|55|00|000000151|000|17022024|19022024|28964.06|16476.89|1977.22|0.00|0.00|0.00|0.00|0.00|0.00|0.00|0|99900011000155|
|C170|1|PROD008|CONJUNTO MONTADO H|10.05|UN|11564.12|5101|40|0.00|12.00|0.00|0.00|0.00|0.00|0.00|0.00|0.00|
|C170|2|PROD002|COMPONENTE ELETRICO B|43.57|UN|3463.10|5101|00|3258.44|12.00|391.01|0.00|0.00|0.00|0.00|0.00|0.00|
|C170|3|PROD004|PRODUTO ACABADO D|18.86|UN|11330.07|5101|00|10653.70|12.00|1278.44|0.00|0.00|0.00|0.00|0.00|0.00|
|C170|4|PROD001|PECA MECANICA TIPO A|32.89|UN|2606.77|5101|20|2564.75|12.00|307.77|0.00|0.00|0.00|0.00|0.00|0.00|
|C100|1|0|11223344000166|55|00|000000152|000|11022024|11022024|1977.55|0.00|0.00|0.00|0.00|0.00|0.00|0.00|0.00|0.00|0|77788899000177|
|C170|1|PROD001|PECA MECANICA TIPO A|38.87|UN|1977.55|5403|30|0.00|12.00|0.00|0.00|0.00|0.00|0.00|0.00|0.00|
|C100|1|0|11223344000166|55|00|000000153|000|16022024|18022024|18171.57|3391.03|406.92|0.00|0.00|0.00|0.00|0.00|0.00|0.00|0|55512312300010|
|C170|1|PROD002|COMPONENTE ELETRICO B|31.23|UN|2452.42|6101|20|2407.43|12.00|288.89|0.00|0.00|0.00|0.00|0.00|0.00|
|C170|2|PROD002|COMPONENTE ELETRICO B|25.75|UN|1487.72|6101|40|0.00|12.00|0.00|0.00|0.00|0.00|0.00|0.00|0.00|
|C170|3|PROD002|COMPONENTE ELETRICO B|24.69|UN|1111.50|6101|90|983.60|12.00|118.03|0.00|0.00|0.00|0.00|0.00|0.00|
|C170|4|PROD003|MATERIAL BRUTO C|20.40|UN|5547.24|6101|40|0.00|12.00|0.00|0.00|0.00|0.00|0.00|0.00|0.00|
|C170|5|PROD003|MATERIAL BRUTO C|22.52|UN|7572.69|6101|40|0.00|12.00|0.00|0.00|0.00|0.00|0.00|0.00|0.00|
|C100|1|0|11223344000166|55|00|000000154|000|29022024|01032024|39026.19|31342.09|3761.06|0.00|0.00|0.00|0.00|0.00|0.00|0.00|0|22244466000133|
|C170|1|PROD007|PARTE SOBRESSALENTE G|21.03|UN|3164.23|5403|40|0.00|12.00|0.00|0.00|0.00|0.00|0.00|0.00|0.00|
|C170|2|PROD008|CONJUNTO MONTADO H|29.18|UN|32202.95|5403|00|29324.71|12.00|3518.97|0.00|0.00|0.00|0.00|0.00|0.00|
|C170|3|PROD007|PARTE SOBRESSALENTE G|19.09|UN|1577.60|5403|00|1575.55|12.00|189.07|0.00|0.00|0.00|0.00|0.00|0.00|
|C170|4|PROD005|INSUMO INDUSTRIAL E|24.67|UN|467.06|5403|00|441.83|12.00|53.02|0.00|0.00|0.00|0.00|0.00|0.00|
|C170|5|PROD001|PECA MECANICA TIPO A|14.32|UN|1614.35|5403|40|0.00|12.00|0.00|0.00|0.00|0.00|0.00|0.00|0.00|
|C100|1|0|11223344000166|55|00|000000155|000|18022024|19022024|15536.35|0.00|0.00|0.00|0.00|0.00|0.00|0.00|0.00|0.00|0|55512312300010|
|C170|1|PROD004|PRODUTO ACABADO D|19.43|UN|15536.35|5401|40|0.00|12.00|0.00|0.00|0.00|0.00|0.00|0.00|0.00|
|C100|1|0|11223344000166|55|00|000000156|000|10022024|12022024|34022.08|15840.06|1900.81|0.00|0.00|0.00|0.00|0.00|0.00|0.00|0|22244466000133|
|C170|1|PROD005|INSUMO INDUSTRIAL E|46.69|UN|1070.11|5101|40|0.00|12.00|0.00|0.00|0.00|0.00|0.00|0.00|0.00|
|C170|2|PROD004|PRODUTO ACABADO D|28.74|UN|16047.20|5101|30|0.00|12.00|0.00|0.00|0.00|0.00|0.00|0.00|0.00|
|C170|3|PROD004|PRODUTO ACABADO D|19.57|UN|16904.77|5101|00|15840.06|12.00|1900.81|0.00|0.00|0.00|0.00|0.00|0.00|
|C100|1|0|11223344000166|55|00|000000157|000|17022024|17022024|32624.02|30874.29|3704.91|0.00|0.00|0.00|0.00|0.00|0.00|0.00|0|99900011000155|
|C170|1|PROD002|COMPONENTE ELETRICO B|20.11|UN|926.67|6101|30|0.00|12.00|0.00|0.00|0.00|0.00|0.00|0.00|0.00|
|C170|2|PROD004|PRODUTO ACABADO D|43.52|UN|31697.35|6101|10|30874.29|12.00|3704.91|0.00|0.00|0.00|0.00|0.00|0.00|
|C100|1|0|11223344000166|55|00|000000158|000|27022024|29022024|2299.24|355.21|42.63|0.00|0.00|0.00|0.00|0.00|0.00|0.00|0|77788899000177|
|C170|1|PROD005|INSUMO INDUSTRIAL E|9.94|UN|407.92|6102|10|355.21|12.00|42.63|0.00|0.00|0.00|0.00|0.00|0.00|
|C170|2|PROD001|PECA MECANICA TIPO A|16.73|UN|1891.32|6102|41|0.00|12.00|0.00|0.00|0.00|0.00|0.00|0.00|0.00|
|C100|1|0|11223344000166|55|00|000000159|000|02022024|05022024|12396.22|5659.29|679.12|0.00|0.00|0.00|0.00|0.00|0.00|0.00|0|77788899000177|
|C170|1|PROD007|PARTE SOBRESSALENTE G|24.22|UN|3786.21|5102|90|3360.21|12.00|403.23|0.00|0.00|0.00|0.00|0.00|0.00|
|C170|2|PROD001|PECA MECANICA TIPO A|44.28|UN|2566.26|5102|40|0.00|12.00|0.00|0.00|0.00|0.00|0.00|0.00|0.00|
|C170|3|PROD002|COMPONENTE ELETRICO B|43.87|UN|2524.72|5102|00|2299.08|12.00|275.89|0.00|0.00|0.00|0.00|0.00|0.00|
|C170|4|PROD008|CONJUNTO MONTADO H|2.95|UN|3519.03|5102|40|0.00|12.00|0.00|0.00|0.00|0.00|0.00|0.00|0.00|
|C100|1|0|11223344000166|55|00|000000160|000|27022024|29022024|54610.58|37057.46|4446.90|0.00|0.00|0.00|0.00|0.00|0.00|0.00|0|99900011000155|
|C170|1|PROD004|PRODUTO ACABADO D|15.31|UN|12685.83|6101|30|0.00|12.00|0.00|0.00|0.00|0.00|0.00|0.00|0.00|
|C170|2|PROD003|MATERIAL BRUTO C|12.50|UN|3235.38|6101|40|0.00|12.00|0.00|0.00|0.00|0.00|0.00|0.00|0.00|
|C170|3|PROD008|CONJUNTO MONTADO H|34.62|UN|26996.58|6101|90|25912.50|12.00|3109.50|0.00|0.00|0.00|0.00|0.00|0.00|
|C170|4|PROD004|PRODUTO ACABADO D|16.52|UN|11692.79|6101|51|11144.96|12.00|1337.40|0.00|0.00|0.00|0.00|0.00|0.00|
|C100|1|0|11223344000166|55|00|000000161|000|23022024|26022024|38899.42|3867.70|464.12|0.00|0.00|0.00|0.00|0.00|0.00|0.00|0|33366699000100|
|C170|1|PROD007|PARTE SOBRESSALENTE G|34.77|UN|2982.30|5101|90|2572.65|12.00|308.72|0.00|0.00|0.00|0.00|0.00|0.00|
|C170|2|PROD005|INSUMO INDUSTRIAL E|6.97|UN|249.21|5101|00|227.02|12.00|27.24|0.00|0.00|0.00|0.00|0.00|0.00|
|C170|3|PROD006|EMBALAGEM PADRAO F|49.88|UN|521.23|5101|20|473.62|12.00|56.83|0.00|0.00|0.00|0.00|0.00|0.00|
|C170|4|PROD004|PRODUTO ACABADO D|40.58|UN|34456.70|5101|40|0.00|12.00|0.00|0.00|0.00|0.00|0.00|0.00|0.00|
|C170|5|PROD005|INSUMO INDUSTRIAL E|27.39|UN|689.98|5101|10|594.41|12.00|71.33|0.00|0.00|0.00|0.00|0.00|0.00|
|C100|1|0|11223344000166|55|00|000000162|000|18022024|18022024|22700.80|7079.46|849.53|0.00|0.00|0.00|0.00|0.00|0.00|0.00|0|22244466000133|
|C170|1|PROD004|PRODUTO ACABADO D|16.95|UN|15528.40|5102|70|0.00|12.00|0.00|0.00|0.00|0.00|0.00|0.00|0.00|
|C170|2|PROD005|INSUMO INDUSTRIAL E|44.70|UN|1337.51|5102|00|1315.78|12.00|157.89|0.00|0.00|0.00|0.00|0.00|0.00|
|C170|3|PROD005|INSUMO INDUSTRIAL E|4.19|UN|143.98|5102|20|128.73|12.00|15.45|0.00|0.00|0.00|0.00|0.00|0.00|
|C170|4|PROD004|PRODUTO ACABADO D|5.94|UN|5690.91|5102|00|5634.95|12.00|676.19|0.00|0.00|0.00|0.00|0.00|0.00|
|C100|1|0|11223344000166|55|00|000000163|000|14022024|15022024|39074.82|34273.11|4112.78|0.00|0.00|0.00|0.00|0.00|0.00|0.00|0|33366699000100|
|C170|1|PROD008|CONJUNTO MONTADO H|45.06|UN|39004.46|5102|20|34204.65|12.00|4104.56|0.00|0.00|0.00|0.00|0.00|0.00|
|C170|2|PROD005|INSUMO INDUSTRIAL E|3.30|UN|70.36|5102|00|68.46|12.00|8.22|0.00|0.00|0.00|0.00|0.00|0.00|
|C100|1|0|11223344000166|55|00|000000164|000|21022024|24022024|16009.38|12959.73|1555.16|0.00|0.00|0.00|0.00|0.00|0.00|0.00|0|33366699000100|
|C170|1|PROD006|EMBALAGEM PADRAO F|3.57|UN|25.26|5101|10|25.03|12.00|3.00|0.00|0.00|0.00|0.00|0.00|0.00|
|C170|2|PROD001|PECA MECANICA TIPO A|2.69|UN|136.21|5101|10|133.51|12.00|16.02|0.00|0.00|0.00|0.00|0.00|0.00|
|C170|3|PROD005|INSUMO INDUSTRIAL E|32.37|UN|1321.14|5101|60|0.00|12.00|0.00|0.00|0.00|0.00|0.00|0.00|0.00|
|C170|4|PROD003|MATERIAL BRUTO C|32.68|UN|10815.13|5101|51|9511.50|12.00|1141.38|0.00|0.00|0.00|0.00|0.00|0.00|
|C170|5|PROD001|PECA MECANICA TIPO A|34.42|UN|3711.64|5101|00|3289.69|12.00|394.76|0.00|0.00|0.00|0.00|0.00|0.00|
|C100|1|0|11223344000166|55|00|000000165|000|07022024|07022024|63139.12|6046.56|725.58|0.00|0.00|0.00|0.00|0.00|0.00|0.00|0|55512312300010|
|C170|1|PROD007|PARTE SOBRESSALENTE G|13.75|UN|1899.70|5403|00|1822.83|12.00|218.74|0.00|0.00|0.00|0.00|0.00|0.00|
|C170|2|PROD002|COMPONENTE ELETRICO B|5.95|UN|384.84|5403|10|373.61|12.00|44.83|0.00|0.00|0.00|0.00|0.00|0.00|
|C170|3|PROD004|PRODUTO ACABADO D|30.89|UN|23383.28|5403|40|0.00|12.00|0.00|0.00|0.00|0.00|0.00|0.00|0.00|
|C170|4|PROD007|PARTE SOBRESSALENTE G|42.38|UN|3953.16|5403|00|3850.12|12.00|462.01|0.00|0.00|0.00|0.00|0.00|0.00|
|C170|5|PROD004|PRODUTO ACABADO D|34.55|UN|33518.14|5403|50|0.00|12.00|0.00|0.00|0.00|0.00|0.00|0.00|0.00|
|C100|1|0|11223344000166|55|00|000000166|000|18022024|19022024|32427.79|31296.94|3755.62|0.00|0.00|0.00|0.00|0.00|0.00|0.00|0|55512312300010|
|C170|1|PROD004|PRODUTO ACABADO D|5.28|UN|4935.71|6102|51|4733.53|12.00|568.02|0.00|0.00|0.00|0.00|0.00|0.00|
|C170|2|PROD008|CONJUNTO MONTADO H|18.14|UN|25304.80|6102|90|24568.79|12.00|2948.25|0.00|0.00|0.00|0.00|0.00|0.00|
|C170|3|PROD001|PECA MECANICA TIPO A|40.60|UN|2187.28|6102|20|1994.62|12.00|239.35|0.00|0.00|0.00|0.00|0.00|0.00|
|C100|1|0|11223344000166|55|00|000000167|000|29022024|03032024|2028.56|1764.46|211.74|0.00|0.00|0.00|0.00|0.00|0.00|0.00|0|22244466000133|
|C170|1|PROD002|COMPONENTE ELETRICO B|34.85|UN|2028.56|6101|00|1764.46|12.00|211.74|0.00|0.00|0.00|0.00|0.00|0.00|
|C100|1|0|11223344000166|55|00|000000168|000|12022024|14022024|6792.96|1846.54|221.58|0.00|0.00|0.00|0.00|0.00|0.00|0.00|0|33366699000100|
|C170|1|PROD007|PARTE SOBRESSALENTE G|33.35|UN|4662.58|5102|40|0.00|12.00|0.00|0.00|0.00|0.00|0.00|0.00|0.00|
|C170|2|PROD002|COMPONENTE ELETRICO B|26.33|UN|2130.38|5102|00|1846.54|12.00|221.58|0.00|0.00|0.00|0.00|0.00|0.00|
|C100|1|0|11223344000166|55|00|000000169|000|06022024|09022024|12506.66|10603.05|1272.37|0.00|0.00|0.00|0.00|0.00|0.00|0.00|0|33366699000100|
|C170|1|PROD006|EMBALAGEM PADRAO F|24.41|UN|147.92|5403|40|0.00|12.00|0.00|0.00|0.00|0.00|0.00|0.00|0.00|
|C170|2|PROD003|MATERIAL BRUTO C|44.22|UN|11555.73|5403|51|9917.74|12.00|1190.13|0.00|0.00|0.00|0.00|0.00|0.00|
|C170|3|PROD007|PARTE SOBRESSALENTE G|7.82|UN|803.01|5403|00|685.31|12.00|82.24|0.00|0.00|0.00|0.00|0.00|0.00|
|C100|1|0|11223344000166|55|00|000000170|000|04022024|06022024|140.28|129.83|15.58|0.00|0.00|0.00|0.00|0.00|0.00|0.00|0|55512312300010|
|C170|1|PROD006|EMBALAGEM PADRAO F|20.10|UN|140.28|5101|10|129.83|12.00|15.58|0.00|0.00|0.00|0.00|0.00|0.00|
|C100|1|0|11223344000166|55|00|000000171|000|01022024|03022024|10843.26|0.00|0.00|0.00|0.00|0.00|0.00|0.00|0.00|0.00|0|55512312300010|
|C170|1|PROD007|PARTE SOBRESSALENTE G|7.10|UN|622.76|5101|40|0.00|12.00|0.00|0.00|0.00|0.00|0.00|0.00|0.00|
|C170|2|PROD003|MATERIAL BRUTO C|40.90|UN|10220.50|5101|41|0.00|12.00|0.00|0.00|0.00|0.00|0.00|0.00|0.00|
|C100|1|0|11223344000166|55|00|000000172|000|20022024|21022024|23760.33|1219.69|146.36|0.00|0.00|0.00|0.00|0.00|0.00|0.00|0|55512312300010|
|C170|1|PROD006|EMBALAGEM PADRAO F|31.64|UN|195.83|5102|40|0.00|12.00|0.00|0.00|0.00|0.00|0.00|0.00|0.00|
|C170|2|PROD005|INSUMO INDUSTRIAL E|12.95|UN|327.20|5102|20|319.32|12.00|38.32|0.00|0.00|0.00|0.00|0.00|0.00|
|C170|3|PROD005|INSUMO INDUSTRIAL E|30.28|UN|918.70|5102|10|900.37|12.00|108.04|0.00|0.00|0.00|0.00|0.00|0.00|
|C170|4|PROD002|COMPONENTE ELETRICO B|49.31|UN|2439.46|5102|41|0.00|12.00|0.00|0.00|0.00|0.00|0.00|0.00|0.00|
|C170|5|PROD008|CONJUNTO MONTADO H|25.32|UN|19879.14|5102|50|0.00|12.00|0.00|0.00|0.00|0.00|0.00|0.00|0.00|
|C100|1|0|11223344000166|55|00|000000173|000|17022024|17022024|13160.14|12206.34|1464.76|0.00|0.00|0.00|0.00|0.00|0.00|0.00|0|33366699000100|
|C170|1|PROD001|PECA MECANICA TIPO A|38.24|UN|2849.19|6102|00|2660.80|12.00|319.30|0.00|0.00|0.00|0.00|0.00|0.00|
|C170|2|PROD003|MATERIAL BRUTO C|31.33|UN|10310.95|6102|51|9545.54|12.00|1145.46|0.00|0.00|0.00|0.00|0.00|0.00|
|C100|1|0|11223344000166|55|00|000000174|000|07022024|07022024|42496.63|39667.49|4760.09|0.00|0.00|0.00|0.00|0.00|0.00|0.00|0|55512312300010|
|C170|1|PROD001|PECA MECANICA TIPO A|47.20|UN|5100.86|5101|00|5099.87|12.00|611.98|0.00|0.00|0.00|0.00|0.00|0.00|
|C170|2|PROD005|INSUMO INDUSTRIAL E|44.47|UN|745.73|5101|00|647.58|12.00|77.71|0.00|0.00|0.00|0.00|0.00|0.00|
|C170|3|PROD008|CONJUNTO MONTADO H|29.92|UN|35575.46|5101|00|33920.04|12.00|4070.40|0.00|0.00|0.00|0.00|0.00|0.00|
|C170|4|PROD003|MATERIAL BRUTO C|3.38|UN|1074.58|5101|40|0.00|12.00|0.00|0.00|0.00|0.00|0.00|0.00|0.00|
|C100|1|0|11223344000166|55|00|000000175|000|16022024|18022024|16778.23|1487.72|178.52|0.00|0.00|0.00|0.00|0.00|0.00|0.00|0|22244466000133|
|C170|1|PROD004|PRODUTO ACABADO D|22.35|UN|13674.28|5403|40|0.00|12.00|0.00|0.00|0.00|0.00|0.00|0.00|0.00|
|C170|2|PROD005|INSUMO INDUSTRIAL E|11.54|UN|434.67|5403|30|0.00|12.00|0.00|0.00|0.00|0.00|0.00|0.00|0.00|
|C170|3|PROD002|COMPONENTE ELETRICO B|18.95|UN|1029.07|5403|40|0.00|12.00|0.00|0.00|0.00|0.00|0.00|0.00|0.00|
|C170|4|PROD005|INSUMO INDUSTRIAL E|27.55|UN|740.52|5403|90|683.60|12.00|82.03|0.00|0.00|0.00|0.00|0.00|0.00|
|C170|5|PROD002|COMPONENTE ELETRICO B|25.06|UN|899.69|5403|10|804.12|12.00|96.49|0.00|0.00|0.00|0.00|0.00|0.00|
|C100|1|0|11223344000166|55|00|000000176|000|23022024|26022024|2709.33|2371.52|284.58|0.00|0.00|0.00|0.00|0.00|0.00|0.00|0|99900011000155|
|C170|1|PROD002|COMPONENTE ELETRICO B|39.18|UN|2441.10|5401|00|2371.52|12.00|284.58|0.00|0.00|0.00|0.00|0.00|0.00|
|C170|2|PROD006|EMBALAGEM PADRAO F|47.06|UN|268.23|5401|60|0.00|12.00|0.00|0.00|0.00|0.00|0.00|0.00|0.00|
|C100|1|0|11223344000166|55|00|000000177|000|20022024|23022024|4863.15|3402.63|408.32|0.00|0.00|0.00|0.00|0.00|0.00|0.00|0|99900011000155|
|C170|1|PROD005|INSUMO INDUSTRIAL E|10.62|UN|331.07|5101|20|282.38|12.00|33.89|0.00|0.00|0.00|0.00|0.00|0.00|
|C170|2|PROD006|EMBALAGEM PADRAO F|14.86|UN|88.40|5101|00|85.82|12.00|10.30|0.00|0.00|0.00|0.00|0.00|0.00|
|C170|3|PROD006|EMBALAGEM PADRAO F|18.02|UN|98.92|5101|41|0.00|12.00|0.00|0.00|0.00|0.00|0.00|0.00|0.00|
|C170|4|PROD002|COMPONENTE ELETRICO B|27.44|UN|899.89|5101|40|0.00|12.00|0.00|0.00|0.00|0.00|0.00|0.00|0.00|
|C170|5|PROD002|COMPONENTE ELETRICO B|41.18|UN|3444.87|5101|00|3034.43|12.00|364.13|0.00|0.00|0.00|0.00|0.00|0.00|
|C100|1|0|11223344000166|55|00|000000178|000|10022024|13022024|14708.57|13140.71|1576.89|0.00|0.00|0.00|0.00|0.00|0.00|0.00|0|77788899000177|
|C170|1|PROD006|EMBALAGEM PADRAO F|49.41|UN|449.67|5101|90|423.18|12.00|50.78|0.00|0.00|0.00|0.00|0.00|0.00|
|C170|2|PROD003|MATERIAL BRUTO C|35.55|UN|11201.76|5101|51|9914.63|12.00|1189.76|0.00|0.00|0.00|0.00|0.00|0.00|
|C170|3|PROD008|CONJUNTO MONTADO H|3.96|UN|3057.14|5101|10|2802.90|12.00|336.35|0.00|0.00|0.00|0.00|0.00|0.00|
|C100|1|0|11223344000166|55|00|000000179|000|27022024|27022024|59529.75|48076.79|5769.21|0.00|0.00|0.00|0.00|0.00|0.00|0.00|0|77788899000177|
|C170|1|PROD003|MATERIAL BRUTO C|15.17|UN|3222.08|6101|00|3188.82|12.00|382.66|0.00|0.00|0.00|0.00|0.00|0.00|
|C170|2|PROD007|PARTE SOBRESSALENTE G|34.40|UN|3727.71|6101|20|3287.20|12.00|394.46|0.00|0.00|0.00|0.00|0.00|0.00|
|C170|3|PROD003|MATERIAL BRUTO C|20.33|UN|7020.36|6101|41|0.00|12.00|0.00|0.00|0.00|0.00|0.00|0.00|0.00|
|C170|4|PROD004|PRODUTO ACABADO D|43.98|UN|40539.80|6101|20|37263.85|12.00|4471.66|0.00|0.00|0.00|0.00|0.00|0.00|
|C170|5|PROD007|PARTE SOBRESSALENTE G|34.55|UN|5019.80|6101|20|4336.92|12.00|520.43|0.00|0.00|0.00|0.00|0.00|0.00|
|C100|1|0|11223344000166|55|00|000000180|000|23022024|25022024|4191.01|153.89|18.47|0.00|0.00|0.00|0.00|0.00|0.00|0.00|0|33366699000100|
|C170|1|PROD008|CONJUNTO MONTADO H|2.94|UN|4032.57|5102|40|0.00|12.00|0.00|0.00|0.00|0.00|0.00|0.00|0.00|
|C170|2|PROD006|EMBALAGEM PADRAO F|19.02|UN|158.44|5102|51|153.89|12.00|18.47|0.00|0.00|0.00|0.00|0.00|0.00|
|C100|1|0|11223344000166|55|00|000000181|000|02022024|02022024|11430.78|1808.16|216.98|0.00|0.00|0.00|0.00|0.00|0.00|0.00|0|77788899000177|
|C170|1|PROD006|EMBALAGEM PADRAO F|26.71|UN|278.89|6102|00|261.16|12.00|31.34|0.00|0.00|0.00|0.00|0.00|0.00|
|C170|2|PROD004|PRODUTO ACABADO D|14.40|UN|9364.17|6102|40|0.00|12.00|0.00|0.00|0.00|0.00|0.00|0.00|0.00|
|C170|3|PROD005|INSUMO INDUSTRIAL E|47.38|UN|1787.72|6102|00|1547.00|12.00|185.64|0.00|0.00|0.00|0.00|0.00|0.00|
|C100|1|0|11223344000166|55|00|000000182|000|16022024|19022024|1767.82|0.00|0.00|0.00|0.00|0.00|0.00|0.00|0.00|0.00|0|22244466000133|
|C170|1|PROD002|COMPONENTE ELETRICO B|39.47|UN|1767.82|5403|40|0.00|12.00|0.00|0.00|0.00|0.00|0.00|0.00|0.00|
|C100|1|0|11223344000166|55|00|000000183|000|24022024|24022024|5142.85|4932.21|591.87|0.00|0.00|0.00|0.00|0.00|0.00|0.00|0|33366699000100|
|C170|1|PROD002|COMPONENTE ELETRICO B|8.34|UN|476.40|5101|00|436.71|12.00|52.41|0.00|0.00|0.00|0.00|0.00|0.00|
|C170|2|PROD001|PECA MECANICA TIPO A|44.87|UN|3500.15|5101|00|3482.28|12.00|417.87|0.00|0.00|0.00|0.00|0.00|0.00|
|C170|3|PROD005|INSUMO INDUSTRIAL E|32.63|UN|1166.30|5101|00|1013.22|12.00|121.59|0.00|0.00|0.00|0.00|0.00|0.00|
|C100|1|0|11223344000166|55|00|000000184|000|15022024|15022024|57032.95|32946.24|3953.55|0.00|0.00|0.00|0.00|0.00|0.00|0.00|0|33366699000100|
|C170|1|PROD008|CONJUNTO MONTADO H|22.16|UN|19121.07|6101|00|18810.15|12.00|2257.22|0.00|0.00|0.00|0.00|0.00|0.00|
|C170|2|PROD008|CONJUNTO MONTADO H|7.52|UN|8824.24|6101|40|0.00|12.00|0.00|0.00|0.00|0.00|0.00|0.00|0.00|
|C170|3|PROD004|PRODUTO ACABADO D|18.86|UN|15692.35|6101|20|14136.09|12.00|1696.33|0.00|0.00|0.00|0.00|0.00|0.00|
|C170|4|PROD003|MATERIAL BRUTO C|22.76|UN|7590.60|6101|30|0.00|12.00|0.00|0.00|0.00|0.00|0.00|0.00|0.00|
|C170|5|PROD004|PRODUTO ACABADO D|6.43|UN|5804.69|6101|50|0.00|12.00|0.00|0.00|0.00|0.00|0.00|0.00|0.00|
|C100|1|0|11223344000166|55|00|000000185|000|28022024|01032024|6268.61|5840.60|700.87|0.00|0.00|0.00|0.00|0.00|0.00|0.00|0|55512312300010|
|C170|1|PROD006|EMBALAGEM PADRAO F|37.73|UN|255.06|5403|20|244.33|12.00|29.32|0.00|0.00|0.00|0.00|0.00|0.00|
|C170|2|PROD003|MATERIAL BRUTO C|10.76|UN|3582.23|5403|00|3291.34|12.00|394.96|0.00|0.00|0.00|0.00|0.00|0.00|
|C170|3|PROD002|COMPONENTE ELETRICO B|44.43|UN|2431.32|5403|00|2304.93|12.00|276.59|0.00|0.00|0.00|0.00|0.00|0.00|
|C100|1|0|11223344000166|55|00|000000186|000|20022024|21022024|6726.21|5992.86|719.15|0.00|0.00|0.00|0.00|0.00|0.00|0.00|0|33366699000100|
|C170|1|PROD005|INSUMO INDUSTRIAL E|10.55|UN|243.67|5102|40|0.00|12.00|0.00|0.00|0.00|0.00|0.00|0.00|0.00|
|C170|2|PROD007|PARTE SOBRESSALENTE G|49.38|UN|4925.36|5102|00|4622.23|12.00|554.67|0.00|0.00|0.00|0.00|0.00|0.00|
|C170|3|PROD003|MATERIAL BRUTO C|5.75|UN|1557.18|5102|00|1370.63|12.00|164.48|0.00|0.00|0.00|0.00|0.00|0.00|
|C100|1|0|11223344000166|55|00|000000187|000|03022024|03022024|5251.56|404.63|48.56|0.00|0.00|0.00|0.00|0.00|0.00|0.00|0|99900011000155|
|C170|1|PROD005|INSUMO INDUSTRIAL E|34.58|UN|1305.94|6101|40|0.00|12.00|0.00|0.00|0.00|0.00|0.00|0.00|0.00|
|C170|2|PROD005|INSUMO INDUSTRIAL E|38.69|UN|780.01|6101|40|0.00|12.00|0.00|0.00|0.00|0.00|0.00|0.00|0.00|
|C170|3|PROD002|COMPONENTE ELETRICO B|47.12|UN|2707.22|6101|40|0.00|12.00|0.00|0.00|0.00|0.00|0.00|0.00|0.00|
|C170|4|PROD002|COMPONENTE ELETRICO B|7.55|UN|458.39|6101|00|404.63|12.00|48.56|0.00|0.00|0.00|0.00|0.00|0.00|
|C100|1|0|11223344000166|55|00|000000188|000|09022024|09022024|74785.86|24800.56|2976.06|0.00|0.00|0.00|0.00|0.00|0.00|0.00|0|99900011000155|
|C170|1|PROD008|CONJUNTO MONTADO H|43.94|UN|48213.38|5401|50|0.00|12.00|0.00|0.00|0.00|0.00|0.00|0.00|0.00|
|C170|2|PROD004|PRODUTO ACABADO D|27.80|UN|20058.47|5401|00|19275.69|12.00|2313.08|0.00|0.00|0.00|0.00|0.00|0.00|
|C170|3|PROD001|PECA MECANICA TIPO A|17.01|UN|1525.27|5401|10|1437.27|12.00|172.47|0.00|0.00|0.00|0.00|0.00|0.00|
|C170|4|PROD007|PARTE SOBRESSALENTE G|48.23|UN|4587.64|5401|00|4087.60|12.00|490.51|0.00|0.00|0.00|0.00|0.00|0.00|
|C170|5|PROD006|EMBALAGEM PADRAO F|34.08|UN|401.10|5401|40|0.00|12.00|0.00|0.00|0.00|0.00|0.00|0.00|0.00|
|C100|1|0|11223344000166|55|00|000000189|000|25022024|26022024|20818.77|16659.48|1999.13|0.00|0.00|0.00|0.00|0.00|0.00|0.00|0|99900011000155|
|C170|1|PROD005|INSUMO INDUSTRIAL E|11.02|UN|361.13|6101|10|335.36|12.00|40.24|0.00|0.00|0.00|0.00|0.00|0.00|
|C170|2|PROD002|COMPONENTE ELETRICO B|16.99|UN|1353.51|6101|00|1278.19|12.00|153.38|0.00|0.00|0.00|0.00|0.00|0.00|
|C170|3|PROD002|COMPONENTE ELETRICO B|40.63|UN|3306.71|6101|40|0.00|12.00|0.00|0.00|0.00|0.00|0.00|0.00|0.00|
|C170|4|PROD004|PRODUTO ACABADO D|17.64|UN|15150.16|6101|00|15045.93|12.00|1805.51|0.00|0.00|0.00|0.00|0.00|0.00|
|C170|5|PROD005|INSUMO INDUSTRIAL E|27.28|UN|647.26|6101|40|0.00|12.00|0.00|0.00|0.00|0.00|0.00|0.00|0.00|
|C100|1|0|11223344000166|55|00|000000190|000|12022024|14022024|54879.21|4470.36|536.44|0.00|0.00|0.00|0.00|0.00|0.00|0.00|0|55512312300010|
|C170|1|PROD003|MATERIAL BRUTO C|23.67|UN|4919.39|5403|20|4470.36|12.00|536.44|0.00|0.00|0.00|0.00|0.00|0.00|
|C170|2|PROD003|MATERIAL BRUTO C|23.70|UN|5727.09|5403|30|0.00|12.00|0.00|0.00|0.00|0.00|0.00|0.00|0.00|
|C170|3|PROD007|PARTE SOBRESSALENTE G|3.94|UN|577.58|5403|30|0.00|12.00|0.00|0.00|0.00|0.00|0.00|0.00|0.00|
|C170|4|PROD008|CONJUNTO MONTADO H|31.68|UN|43655.15|5403|60|0.00|12.00|0.00|0.00|0.00|0.00|0.00|0.00|0.00|
|C100|1|0|11223344000166|55|00|000000191|000|29022024|29022024|28351.98|356.42|42.77|0.00|0.00|0.00|0.00|0.00|0.00|0.00|0|99900011000155|
|C170|1|PROD005|INSUMO INDUSTRIAL E|14.23|UN|375.66|6101|00|356.42|12.00|42.77|0.00|0.00|0.00|0.00|0.00|0.00|
|C170|2|PROD008|CONJUNTO MONTADO H|24.94|UN|27976.32|6101|60|0.00|12.00|0.00|0.00|0.00|0.00|0.00|0.00|0.00|
|C100|1|0|11223344000166|55|00|000000192|000|01022024|03022024|2696.32|2640.08|316.81|0.00|0.00|0.00|0.00|0.00|0.00|0.00|0|99900011000155|
|C170|1|PROD001|PECA MECANICA TIPO A|42.16|UN|2696.32|5403|20|2640.08|12.00|316.81|0.00|0.00|0.00|0.00|0.00|0.00|
|C100|1|0|11223344000166|55|00|000000193|000|19022024|19022024|249.60|0.00|0.00|0.00|0.00|0.00|0.00|0.00|0.00|0.00|0|33366699000100|
|C170|1|PROD006|EMBALAGEM PADRAO F|30.14|UN|249.60|6101|41|0.00|12.00|0.00|0.00|0.00|0.00|0.00|0.00|0.00|
|C100|1|0|11223344000166|55|00|000000194|000|19022024|22022024|221.06|0.00|0.00|0.00|0.00|0.00|0.00|0.00|0.00|0.00|0|22244466000133|
|C170|1|PROD001|PECA MECANICA TIPO A|3.56|UN|221.06|5102|40|0.00|12.00|0.00|0.00|0.00|0.00|0.00|0.00|0.00|
|C100|1|0|11223344000166|55|00|000000195|000|14022024|15022024|10745.01|9084.89|1090.18|0.00|0.00|0.00|0.00|0.00|0.00|0.00|0|77788899000177|
|C170|1|PROD003|MATERIAL BRUTO C|28.63|UN|6795.95|5102|00|5852.12|12.00|702.25|0.00|0.00|0.00|0.00|0.00|0.00|
|C170|2|PROD005|INSUMO INDUSTRIAL E|11.80|UN|399.38|5102|30|0.00|12.00|0.00|0.00|0.00|0.00|0.00|0.00|0.00|
|C170|3|PROD001|PECA MECANICA TIPO A|31.20|UN|3549.68|5102|00|3232.77|12.00|387.93|0.00|0.00|0.00|0.00|0.00|0.00|
|C100|1|0|11223344000166|55|00|000000196|000|29022024|03032024|55674.81|34293.64|4115.24|0.00|0.00|0.00|0.00|0.00|0.00|0.00|0|55512312300010|
|C170|1|PROD007|PARTE SOBRESSALENTE G|8.81|UN|883.34|5101|60|0.00|12.00|0.00|0.00|0.00|0.00|0.00|0.00|0.00|
|C170|2|PROD001|PECA MECANICA TIPO A|28.31|UN|2886.33|5101|70|0.00|12.00|0.00|0.00|0.00|0.00|0.00|0.00|0.00|
|C170|3|PROD007|PARTE SOBRESSALENTE G|32.21|UN|3479.32|5101|41|0.00|12.00|0.00|0.00|0.00|0.00|0.00|0.00|0.00|
|C170|4|PROD003|MATERIAL BRUTO C|36.57|UN|10422.86|5101|30|0.00|12.00|0.00|0.00|0.00|0.00|0.00|0.00|0.00|
|C170|5|PROD008|CONJUNTO MONTADO H|33.39|UN|38002.96|5101|90|34293.64|12.00|4115.24|0.00|0.00|0.00|0.00|0.00|0.00|
|C100|1|0|11223344000166|55|00|000000197|000|01022024|03022024|39461.48|0.00|0.00|0.00|0.00|0.00|0.00|0.00|0.00|0.00|0|33366699000100|
|C170|1|PROD004|PRODUTO ACABADO D|41.36|UN|37061.18|5102|70|0.00|12.00|0.00|0.00|0.00|0.00|0.00|0.00|0.00|
|C170|2|PROD003|MATERIAL BRUTO C|3.04|UN|853.56|5102|41|0.00|12.00|0.00|0.00|0.00|0.00|0.00|0.00|0.00|
|C170|3|PROD002|COMPONENTE ELETRICO B|24.09|UN|1546.74|5102|60|0.00|12.00|0.00|0.00|0.00|0.00|0.00|0.00|0.00|
|C100|1|0|11223344000166|55|00|000000198|000|09022024|11022024|6079.20|5551.35|666.16|0.00|0.00|0.00|0.00|0.00|0.00|0.00|0|77788899000177|
|C170|1|PROD001|PECA MECANICA TIPO A|42.06|UN|4941.51|5403|00|4537.34|12.00|544.48|0.00|0.00|0.00|0.00|0.00|0.00|
|C170|2|PROD002|COMPONENTE ELETRICO B|15.72|UN|1045.89|5403|10|928.08|12.00|111.37|0.00|0.00|0.00|0.00|0.00|0.00|
|C170|3|PROD006|EMBALAGEM PADRAO F|12.03|UN|91.80|5403|10|85.93|12.00|10.31|0.00|0.00|0.00|0.00|0.00|0.00|
|C100|1|0|11223344000166|55|00|000000199|000|03022024|06022024|377.92|370.68|44.48|0.00|0.00|0.00|0.00|0.00|0.00|0.00|0|99900011000155|
|C170|1|PROD006|EMBALAGEM PADRAO F|45.15|UN|377.92|6101|10|370.68|12.00|44.48|0.00|0.00|0.00|0.00|0.00|0.00|
|C100|1|0|11223344000166|55|00|000000200|000|08022024|11022024|29485.53|26643.75|3197.25|0.00|0.00|0.00|0.00|0.00|0.00|0.00|0|22244466000133|
|C170|1|PROD006|EMBALAGEM PADRAO F|10.78|UN|111.36|6102|30|0.00|12.00|0.00|0.00|0.00|0.00|0.00|0.00|0.00|
|C170|2|PROD008|CONJUNTO MONTADO H|21.69|UN|29374.17|6102|20|26643.75|12.00|3197.25|0.00|0.00|0.00|0.00|0.00|0.00|
|C100|1|0|11223344000166|55|00|000000201|000|07022024|08022024|27740.92|20483.72|2458.05|0.00|0.00|0.00|0.00|0.00|0.00|0.00|0|55512312300010|
|C170|1|PROD001|PECA MECANICA TIPO A|32.55|UN|2358.10|5401|00|2164.85|12.00|259.78|0.00|0.00|0.00|0.00|0.00|0.00|
|C170|2|PROD004|PRODUTO ACABADO D|32.52|UN|19564.26|5401|10|16839.39|12.00|2020.73|0.00|0.00|0.00|0.00|0.00|0.00|
|C170|3|PROD001|PECA MECANICA TIPO A|6.71|UN|666.14|5401|00|662.23|12.00|79.47|0.00|0.00|0.00|0.00|0.00|0.00|
|C170|4|PROD007|PARTE SOBRESSALENTE G|39.19|UN|4194.86|5401|40|0.00|12.00|0.00|0.00|0.00|0.00|0.00|0.00|0.00|
|C170|5|PROD002|COMPONENTE ELETRICO B|20.35|UN|957.56|5401|00|817.25|12.00|98.07|0.00|0.00|0.00|0.00|0.00|0.00|
|C100|1|0|11223344000166|55|00|000000202|000|15022024|18022024|16390.65|7470.07|896.41|0.00|0.00|0.00|0.00|0.00|0.00|0.00|0|33366699000100|
|C170|1|PROD003|MATERIAL BRUTO C|31.47|UN|6814.85|6101|40|0.00|12.00|0.00|0.00|0.00|0.00|0.00|0.00|0.00|
|C170|2|PROD001|PECA MECANICA TIPO A|15.95|UN|1189.02|6101|70|0.00|12.00|0.00|0.00|0.00|0.00|0.00|0.00|0.00|
|C170|3|PROD003|MATERIAL BRUTO C|20.89|UN|6568.65|6101|00|5760.21|12.00|691.23|0.00|0.00|0.00|0.00|0.00|0.00|
|C170|4|PROD002|COMPONENTE ELETRICO B|47.35|UN|1438.17|6101|20|1384.02|12.00|166.08|0.00|0.00|0.00|0.00|0.00|0.00|
|C170|5|PROD006|EMBALAGEM PADRAO F|39.74|UN|379.96|6101|00|325.84|12.00|39.10|0.00|0.00|0.00|0.00|0.00|0.00|
|C100|1|0|11223344000166|55|00|000000203|000|27022024|27022024|49623.60|41105.73|4932.69|0.00|0.00|0.00|0.00|0.00|0.00|0.00|0|77788899000177|
|C170|1|PROD002|COMPONENTE ELETRICO B|41.42|UN|1838.68|6102|30|0.00|12.00|0.00|0.00|0.00|0.00|0.00|0.00|0.00|
|C170|2|PROD008|CONJUNTO MONTADO H|49.08|UN|44531.61|6102|90|38176.35|12.00|4581.16|0.00|0.00|0.00|0.00|0.00|0.00|
|C170|3|PROD004|PRODUTO ACABADO D|4.69|UN|3253.31|6102|00|2929.38|12.00|351.53|0.00|0.00|0.00|0.00|0.00|0.00|
|C100|1|0|11223344000166|55|00|000000204|000|20022024|21022024|4072.62|0.00|0.00|0.00|0.00|0.00|0.00|0.00|0.00|0.00|0|99900011000155|
|C170|1|PROD007|PARTE SOBRESSALENTE G|26.87|UN|4072.62|5102|40|0.00|12.00|0.00|0.00|0.00|0.00|0.00|0.00|0.00|
|C100|1|0|11223344000166|55|00|000000205|000|11022024|12022024|22842.54|12868.20|1544.19|0.00|0.00|0.00|0.00|0.00|0.00|0.00|0|22244466000133|
|C170|1|PROD002|COMPONENTE ELETRICO B|5.85|UN|216.11|5101|00|212.30|12.00|25.48|0.00|0.00|0.00|0.00|0.00|0.00|
|C170|2|PROD004|PRODUTO ACABADO D|7.60|UN|5856.23|5101|20|5277.82|12.00|633.34|0.00|0.00|0.00|0.00|0.00|0.00|
|C170|3|PROD003|MATERIAL BRUTO C|26.46|UN|7794.38|5101|20|7378.08|12.00|885.37|0.00|0.00|0.00|0.00|0.00|0.00|
|C170|4|PROD006|EMBALAGEM PADRAO F|45.89|UN|514.44|5101|60|0.00|12.00|0.00|0.00|0.00|0.00|0.00|0.00|0.00|
|C170|5|PROD003|MATERIAL BRUTO C|38.39|UN|8461.38|5101|30|0.00|12.00|0.00|0.00|0.00|0.00|0.00|0.00|0.00|
|C100|1|0|11223344000166|55|00|000000206|000|06022024|09022024|17693.56|12231.07|1467.73|0.00|0.00|0.00|0.00|0.00|0.00|0.00|0|99900011000155|
|C170|1|PROD004|PRODUTO ACABADO D|1.81|UN|1134.10|6101|20|1070.24|12.00|128.43|0.00|0.00|0.00|0.00|0.00|0.00|
|C170|2|PROD002|COMPONENTE ELETRICO B|6.85|UN|338.09|6101|00|311.61|12.00|37.39|0.00|0.00|0.00|0.00|0.00|0.00|
|C170|3|PROD005|INSUMO INDUSTRIAL E|14.61|UN|552.95|6101|00|523.48|12.00|62.82|0.00|0.00|0.00|0.00|0.00|0.00|
|C170|4|PROD002|COMPONENTE ELETRICO B|49.80|UN|3917.16|6101|50|0.00|12.00|0.00|0.00|0.00|0.00|0.00|0.00|0.00|
|C170|5|PROD003|MATERIAL BRUTO C|42.38|UN|11751.26|6101|10|10325.74|12.00|1239.09|0.00|0.00|0.00|0.00|0.00|0.00|
|C100|1|0|11223344000166|55|00|000000207|000|10022024|10022024|6516.35|4053.38|486.40|0.00|0.00|0.00|0.00|0.00|0.00|0.00|0|22244466000133|
|C170|1|PROD006|EMBALAGEM PADRAO F|2.02|UN|22.25|6102|40|0.00|12.00|0.00|0.00|0.00|0.00|0.00|0.00|0.00|
|C170|2|PROD005|INSUMO INDUSTRIAL E|6.98|UN|216.91|6102|40|0.00|12.00|0.00|0.00|0.00|0.00|0.00|0.00|0.00|
|C170|3|PROD001|PECA MECANICA TIPO A|33.88|UN|2744.54|6102|10|2589.12|12.00|310.69|0.00|0.00|0.00|0.00|0.00|0.00|
|C170|4|PROD001|PECA MECANICA TIPO A|15.54|UN|1813.25|6102|60|0.00|12.00|0.00|0.00|0.00|0.00|0.00|0.00|0.00|
|C170|5|PROD002|COMPONENTE ELETRICO B|28.37|UN|1719.40|6102|10|1464.26|12.00|175.71|0.00|0.00|0.00|0.00|0.00|0.00|
|C100|1|0|11223344000166|55|00|000000208|000|06022024|06022024|5037.47|3438.78|412.65|0.00|0.00|0.00|0.00|0.00|0.00|0.00|0|22244466000133|
|C170|1|PROD001|PECA MECANICA TIPO A|28.21|UN|1444.07|6101|40|0.00|12.00|0.00|0.00|0.00|0.00|0.00|0.00|0.00|
|C170|2|PROD007|PARTE SOBRESSALENTE G|28.32|UN|3593.40|6101|20|3438.78|12.00|412.65|0.00|0.00|0.00|0.00|0.00|0.00|
|C100|1|0|11223344000166|55|00|000000209|000|14022024|15022024|34864.22|31475.21|3777.02|0.00|0.00|0.00|0.00|0.00|0.00|0.00|0|33366699000100|
|C170|1|PROD004|PRODUTO ACABADO D|38.47|UN|23491.80|5101|90|23117.01|12.00|2774.04|0.00|0.00|0.00|0.00|0.00|0.00|
|C170|2|PROD007|PARTE SOBRESSALENTE G|49.12|UN|7393.16|5101|20|7226.75|12.00|867.21|0.00|0.00|0.00|0.00|0.00|0.00|
|C170|3|PROD003|MATERIAL BRUTO C|7.99|UN|2017.86|5101|50|0.00|12.00|0.00|0.00|0.00|0.00|0.00|0.00|0.00|
|C170|4|PROD002|COMPONENTE ELETRICO B|25.84|UN|1262.69|5101|00|1131.45|12.00|135.77|0.00|0.00|0.00|0.00|0.00|0.00|
|C170|5|PROD001|PECA MECANICA TIPO A|11.28|UN|698.71|5101|40|0.00|12.00|0.00|0.00|0.00|0.00|0.00|0.00|0.00|
|C100|1|0|11223344000166|55|00|000000210|000|12022024|14022024|7007.23|4923.90|590.87|0.00|0.00|0.00|0.00|0.00|0.00|0.00|0|99900011000155|
|C170|1|PROD003|MATERIAL BRUTO C|18.75|UN|4976.19|5403|10|4923.90|12.00|590.87|0.00|0.00|0.00|0.00|0.00|0.00|
|C170|2|PROD007|PARTE SOBRESSALENTE G|4.52|UN|648.70|5403|50|0.00|12.00|0.00|0.00|0.00|0.00|0.00|0.00|0.00|
|C170|3|PROD005|INSUMO INDUSTRIAL E|49.85|UN|1382.34|5403|50|0.00|12.00|0.00|0.00|0.00|0.00|0.00|0.00|0.00|
|C100|1|0|11223344000166|55|00|000000211|000|08022024|09022024|41612.35|36859.94|4423.19|0.00|0.00|0.00|0.00|0.00|0.00|0.00|0|33366699000100|
|C170|1|PROD005|INSUMO INDUSTRIAL E|48.59|UN|1956.52|6101|00|1705.45|12.00|204.65|0.00|0.00|0.00|0.00|0.00|0.00|
|C170|2|PROD006|EMBALAGEM PADRAO F|34.23|UN|279.70|6101|40|0.00|12.00|0.00|0.00|0.00|0.00|0.00|0.00|0.00|
|C170|3|PROD001|PECA MECANICA TIPO A|33.21|UN|2023.36|6101|50|0.00|12.00|0.00|0.00|0.00|0.00|0.00|0.00|0.00|
|C170|4|PROD008|CONJUNTO MONTADO H|34.98|UN|37352.77|6101|90|35154.49|12.00|4218.54|0.00|0.00|0.00|0.00|0.00|0.00|
|C100|1|0|11223344000166|55|00|000000212|000|26022024|26022024|3044.71|2599.22|311.91|0.00|0.00|0.00|0.00|0.00|0.00|0.00|0|22244466000133|
|C170|1|PROD008|CONJUNTO MONTADO H|2.49|UN|2845.28|6102|00|2599.22|12.00|311.91|0.00|0.00|0.00|0.00|0.00|0.00|
|C170|2|PROD006|EMBALAGEM PADRAO F|38.28|UN|199.43|6102|50|0.00|12.00|0.00|0.00|0.00|0.00|0.00|0.00|0.00|
|C100|1|0|11223344000166|55|00|000000213|000|04022024|04022024|57011.38|37502.90|4500.35|0.00|0.00|0.00|0.00|0.00|0.00|0.00|0|33366699000100|
|C170|1|PROD008|CONJUNTO MONTADO H|44.79|UN|38951.07|5403|10|36991.38|12.00|4438.97|0.00|0.00|0.00|0.00|0.00|0.00|
|C170|2|PROD006|EMBALAGEM PADRAO F|24.73|UN|159.28|5403|20|142.45|12.00|17.09|0.00|0.00|0.00|0.00|0.00|0.00|
|C170|3|PROD004|PRODUTO ACABADO D|6.70|UN|5107.28|5403|40|0.00|12.00|0.00|0.00|0.00|0.00|0.00|0.00|0.00|
|C170|4|PROD006|EMBALAGEM PADRAO F|43.78|UN|421.60|5403|00|369.07|12.00|44.29|0.00|0.00|0.00|0.00|0.00|0.00|
|C170|5|PROD003|MATERIAL BRUTO C|36.27|UN|12372.15|5403|50|0.00|12.00|0.00|0.00|0.00|0.00|0.00|0.00|0.00|
|C100|1|0|11223344000166|55|00|000000214|000|23022024|24022024|44564.97|34773.78|4172.85|0.00|0.00|0.00|0.00|0.00|0.00|0.00|0|33366699000100|
|C170|1|PROD001|PECA MECANICA TIPO A|28.16|UN|1512.63|5403|70|0.00|12.00|0.00|0.00|0.00|0.00|0.00|0.00|0.00|
|C170|2|PROD008|CONJUNTO MONTADO H|27.22|UN|30540.97|5403|00|30492.00|12.00|3659.04|0.00|0.00|0.00|0.00|0.00|0.00|
|C170|3|PROD003|MATERIAL BRUTO C|26.60|UN|7608.72|5403|30|0.00|12.00|0.00|0.00|0.00|0.00|0.00|0.00|0.00|
|C170|4|PROD007|PARTE SOBRESSALENTE G|45.56|UN|4735.96|5403|10|4118.58|12.00|494.23|0.00|0.00|0.00|0.00|0.00|0.00|
|C170|5|PROD006|EMBALAGEM PADRAO F|23.02|UN|166.69|5403|00|163.20|12.00|19.58|0.00|0.00|0.00|0.00|0.00|0.00|
|C100|1|0|11223344000166|55|00|000000215|000|09022024|09022024|464.62|436.33|52.36|0.00|0.00|0.00|0.00|0.00|0.00|0.00|0|55512312300010|
|C170|1|PROD006|EMBALAGEM PADRAO F|19.94|UN|122.06|5101|10|120.93|12.00|14.51|0.00|0.00|0.00|0.00|0.00|0.00|
|C170|2|PROD002|COMPONENTE ELETRICO B|4.37|UN|342.56|5101|00|315.40|12.00|37.85|0.00|0.00|0.00|0.00|0.00|0.00|
|C100|1|0|11223344000166|55|00|000000216|000|08022024|09022024|457.96|434.32|52.12|0.00|0.00|0.00|0.00|0.00|0.00|0.00|0|55512312300010|
|C170|1|PROD006|EMBALAGEM PADRAO F|47.60|UN|457.96|6102|90|434.32|12.00|52.12|0.00|0.00|0.00|0.00|0.00|0.00|
|C100|1|0|11223344000166|55|00|000000217|000|01022024|02022024|25041.15|19381.27|2325.75|0.00|0.00|0.00|0.00|0.00|0.00|0.00|0|99900011000155|
|C170|1|PROD004|PRODUTO ACABADO D|24.98|UN|19562.84|5403|00|18391.44|12.00|2206.97|0.00|0.00|0.00|0.00|0.00|0.00|
|C170|2|PROD004|PRODUTO ACABADO D|4.69|UN|4405.60|5403|30|0.00|12.00|0.00|0.00|0.00|0.00|0.00|0.00|0.00|
|C170|3|PROD005|INSUMO INDUSTRIAL E|48.04|UN|1072.71|5403|10|989.83|12.00|118.78|0.00|0.00|0.00|0.00|0.00|0.00|
|C100|1|0|11223344000166|55|00|000000218|000|10022024|13022024|36804.97|0.00|0.00|0.00|0.00|0.00|0.00|0.00|0.00|0.00|0|33366699000100|
|C170|1|PROD008|CONJUNTO MONTADO H|44.95|UN|34531.30|5101|50|0.00|12.00|0.00|0.00|0.00|0.00|0.00|0.00|0.00|
|C170|2|PROD001|PECA MECANICA TIPO A|24.70|UN|2273.67|5101|60|0.00|12.00|0.00|0.00|0.00|0.00|0.00|0.00|0.00|
|C100|1|0|11223344000166|55|00|000000219|000|20022024|21022024|1906.16|1753.93|210.48|0.00|0.00|0.00|0.00|0.00|0.00|0.00|0|22244466000133|
|C170|1|PROD005|INSUMO INDUSTRIAL E|44.63|UN|968.96|5102|00|827.21|12.00|99.27|0.00|0.00|0.00|0.00|0.00|0.00|
|C170|2|PROD002|COMPONENTE ELETRICO B|17.21|UN|937.20|5102|00|926.72|12.00|111.21|0.00|0.00|0.00|0.00|0.00|0.00|
|C100|1|0|11223344000166|55|00|000000220|000|23022024|26022024|32958.56|4058.25|486.99|0.00|0.00|0.00|0.00|0.00|0.00|0.00|0|55512312300010|
|C170|1|PROD008|CONJUNTO MONTADO H|27.12|UN|25926.48|5102|30|0.00|12.00|0.00|0.00|0.00|0.00|0.00|0.00|0.00|
|C170|2|PROD007|PARTE SOBRESSALENTE G|17.64|UN|2753.43|5102|40|0.00|12.00|0.00|0.00|0.00|0.00|0.00|0.00|0.00|
|C170|3|PROD005|INSUMO INDUSTRIAL E|47.07|UN|1259.57|5102|10|1184.28|12.00|142.11|0.00|0.00|0.00|0.00|0.00|0.00|
|C170|4|PROD001|PECA MECANICA TIPO A|46.48|UN|3019.08|5102|00|2873.97|12.00|344.88|0.00|0.00|0.00|0.00|0.00|0.00|
|C100|1|0|11223344000166|55|00|000000221|000|10022024|11022024|6304.63|0.00|0.00|0.00|0.00|0.00|0.00|0.00|0.00|0.00|0|22244466000133|
|C170|1|PROD002|COMPONENTE ELETRICO B|41.80|UN|3236.16|5102|41|0.00|12.00|0.00|0.00|0.00|0.00|0.00|0.00|0.00|
|C170|2|PROD003|MATERIAL BRUTO C|7.99|UN|2501.22|5102|40|0.00|12.00|0.00|0.00|0.00|0.00|0.00|0.00|0.00|
|C170|3|PROD001|PECA MECANICA TIPO A|8.66|UN|567.25|5102|60|0.00|12.00|0.00|0.00|0.00|0.00|0.00|0.00|0.00|
|C100|1|0|11223344000166|55|00|000000222|000|10022024|11022024|11005.54|8543.28|1025.20|0.00|0.00|0.00|0.00|0.00|0.00|0.00|0|33366699000100|
|C170|1|PROD001|PECA MECANICA TIPO A|16.11|UN|1544.57|5101|70|0.00|12.00|0.00|0.00|0.00|0.00|0.00|0.00|0.00|
|C170|2|PROD001|PECA MECANICA TIPO A|26.96|UN|2083.74|5101|00|1841.65|12.00|221.00|0.00|0.00|0.00|0.00|0.00|0.00|
|C170|3|PROD003|MATERIAL BRUTO C|23.22|UN|7377.23|5101|00|6701.63|12.00|804.20|0.00|0.00|0.00|0.00|0.00|0.00|
|C100|1|0|11223344000166|55|00|000000223|000|11022024|14022024|65563.96|57131.14|6855.73|0.00|0.00|0.00|0.00|0.00|0.00|0.00|0|22244466000133|
|C170|1|PROD008|CONJUNTO MONTADO H|45.59|UN|58468.38|5403|00|50614.91|12.00|6073.79|0.00|0.00|0.00|0.00|0.00|0.00|
|C170|2|PROD007|PARTE SOBRESSALENTE G|26.13|UN|2943.58|5403|10|2875.78|12.00|345.09|0.00|0.00|0.00|0.00|0.00|0.00|
|C170|3|PROD002|COMPONENTE ELETRICO B|9.43|UN|440.05|5403|00|387.35|12.00|46.48|0.00|0.00|0.00|0.00|0.00|0.00|
|C170|4|PROD003|MATERIAL BRUTO C|13.81|UN|3615.73|5403|00|3157.03|12.00|378.84|0.00|0.00|0.00|0.00|0.00|0.00|
|C170|5|PROD006|EMBALAGEM PADRAO F|8.43|UN|96.22|5403|10|96.07|12.00|11.53|0.00|0.00|0.00|0.00|0.00|0.00|
|C100|1|0|11223344000166|55|00|000000224|000|14022024|17022024|10689.38|1563.32|187.60|0.00|0.00|0.00|0.00|0.00|0.00|0.00|0|99900011000155|
|C170|1|PROD005|INSUMO INDUSTRIAL E|38.53|UN|1299.27|5403|20|1271.42|12.00|152.57|0.00|0.00|0.00|0.00|0.00|0.00|
|C170|2|PROD006|EMBALAGEM PADRAO F|41.90|UN|320.94|5403|00|291.90|12.00|35.03|0.00|0.00|0.00|0.00|0.00|0.00|
|C170|3|PROD003|MATERIAL BRUTO C|35.19|UN|9069.17|5403|40|0.00|12.00|0.00|0.00|0.00|0.00|0.00|0.00|0.00|
|C100|1|0|11223344000166|55|00|000000225|000|18022024|21022024|15057.88|0.00|0.00|0.00|0.00|0.00|0.00|0.00|0.00|0.00|0|22244466000133|
|C170|1|PROD008|CONJUNTO MONTADO H|13.79|UN|13062.36|5101|40|0.00|12.00|0.00|0.00|0.00|0.00|0.00|0.00|0.00|
|C170|2|PROD001|PECA MECANICA TIPO A|25.36|UN|1995.52|5101|50|0.00|12.00|0.00|0.00|0.00|0.00|0.00|0.00|0.00|
|C100|1|0|11223344000166|55|00|000000226|000|02022024|04022024|57929.75|45366.73|5444.01|0.00|0.00|0.00|0.00|0.00|0.00|0.00|0|33366699000100|
|C170|1|PROD008|CONJUNTO MONTADO H|46.28|UN|51777.60|6101|10|44671.72|12.00|5360.61|0.00|0.00|0.00|0.00|0.00|0.00|
|C170|2|PROD001|PECA MECANICA TIPO A|47.16|UN|5454.05|6101|70|0.00|12.00|0.00|0.00|0.00|0.00|0.00|0.00|0.00|
|C170|3|PROD007|PARTE SOBRESSALENTE G|5.26|UN|698.10|6101|20|695.01|12.00|83.40|0.00|0.00|0.00|0.00|0.00|0.00|
|C100|1|0|11223344000166|55|00|000000227|000|20022024|21022024|8073.24|3633.26|436.00|0.00|0.00|0.00|0.00|0.00|0.00|0.00|0|77788899000177|
|C170|1|PROD001|PECA MECANICA TIPO A|35.65|UN|2864.12|5403|20|2695.96|12.00|323.52|0.00|0.00|0.00|0.00|0.00|0.00|
|C170|2|PROD002|COMPONENTE ELETRICO B|45.16|UN|2736.24|5403|40|0.00|12.00|0.00|0.00|0.00|0.00|0.00|0.00|0.00|
|C170|3|PROD002|COMPONENTE ELETRICO B|39.59|UN|1305.02|5403|40|0.00|12.00|0.00|0.00|0.00|0.00|0.00|0.00|0.00|
|C170|4|PROD006|EMBALAGEM PADRAO F|23.73|UN|182.69|5403|40|0.00|12.00|0.00|0.00|0.00|0.00|0.00|0.00|0.00|
|C170|5|PROD001|PECA MECANICA TIPO A|8.69|UN|985.17|5403|00|937.30|12.00|112.48|0.00|0.00|0.00|0.00|0.00|0.00|
|C100|1|0|11223344000166|55|00|000000228|000|09022024|09022024|845.32|563.37|67.60|0.00|0.00|0.00|0.00|0.00|0.00|0.00|0|55512312300010|
|C170|1|PROD006|EMBALAGEM PADRAO F|30.68|UN|265.95|5102|50|0.00|12.00|0.00|0.00|0.00|0.00|0.00|0.00|0.00|
|C170|2|PROD001|PECA MECANICA TIPO A|4.99|UN|535.06|5102|00|522.43|12.00|62.69|0.00|0.00|0.00|0.00|0.00|0.00|
|C170|3|PROD006|EMBALAGEM PADRAO F|4.28|UN|44.31|5102|00|40.94|12.00|4.91|0.00|0.00|0.00|0.00|0.00|0.00|
|C100|1|0|11223344000166|55|00|000000229|000|08022024|11022024|36424.42|31769.22|3812.30|0.00|0.00|0.00|0.00|0.00|0.00|0.00|0|22244466000133|
|C170|1|PROD002|COMPONENTE ELETRICO B|32.46|UN|1527.24|6101|90|1393.37|12.00|167.20|0.00|0.00|0.00|0.00|0.00|0.00|
|C170|2|PROD002|COMPONENTE ELETRICO B|6.66|UN|325.34|6101|40|0.00|12.00|0.00|0.00|0.00|0.00|0.00|0.00|0.00|
|C170|3|PROD008|CONJUNTO MONTADO H|29.62|UN|34571.84|6101|20|30375.85|12.00|3645.10|0.00|0.00|0.00|0.00|0.00|0.00|
|C100|1|0|11223344000166|55|00|000000230|000|01022024|01022024|442.17|393.39|47.21|0.00|0.00|0.00|0.00|0.00|0.00|0.00|0|33366699000100|
|C170|1|PROD001|PECA MECANICA TIPO A|4.04|UN|442.17|6101|00|393.39|12.00|47.21|0.00|0.00|0.00|0.00|0.00|0.00|
|C100|1|0|11223344000166|55|00|000000231|000|14022024|17022024|30288.81|19247.69|2309.72|0.00|0.00|0.00|0.00|0.00|0.00|0.00|0|22244466000133|
|C170|1|PROD004|PRODUTO ACABADO D|15.19|UN|9066.88|5403|30|0.00|12.00|0.00|0.00|0.00|0.00|0.00|0.00|0.00|
|C170|2|PROD007|PARTE SOBRESSALENTE G|23.33|UN|2247.67|5403|00|2058.52|12.00|247.02|0.00|0.00|0.00|0.00|0.00|0.00|
|C170|3|PROD005|INSUMO INDUSTRIAL E|31.83|UN|736.64|5403|10|735.04|12.00|88.20|0.00|0.00|0.00|0.00|0.00|0.00|
|C170|4|PROD004|PRODUTO ACABADO D|5.22|UN|3790.37|5403|20|3588.66|12.00|430.64|0.00|0.00|0.00|0.00|0.00|0.00|
|C170|5|PROD008|CONJUNTO MONTADO H|13.08|UN|14447.25|5403|00|12865.47|12.00|1543.86|0.00|0.00|0.00|0.00|0.00|0.00|
|C100|1|0|11223344000166|55|00|000000232|000|03022024|04022024|5627.18|4819.82|578.37|0.00|0.00|0.00|0.00|0.00|0.00|0.00|0|33366699000100|
|C170|1|PROD004|PRODUTO ACABADO D|1.68|UN|1208.28|5403|00|1138.37|12.00|136.60|0.00|0.00|0.00|0.00|0.00|0.00|
|C170|2|PROD007|PARTE SOBRESSALENTE G|42.49|UN|4069.50|5403|00|3681.45|12.00|441.77|0.00|0.00|0.00|0.00|0.00|0.00|
|C170|3|PROD005|INSUMO INDUSTRIAL E|8.57|UN|349.40|5403|30|0.00|12.00|0.00|0.00|0.00|0.00|0.00|0.00|0.00|
|C100|1|0|11223344000166|55|00|000000233|000|11022024|13022024|67909.20|40036.98|4804.44|0.00|0.00|0.00|0.00|0.00|0.00|0.00|0|33366699000100|
|C170|1|PROD004|PRODUTO ACABADO D|34.49|UN|24854.59|6102|50|0.00|12.00|0.00|0.00|0.00|0.00|0.00|0.00|0.00|
|C170|2|PROD006|EMBALAGEM PADRAO F|5.86|UN|34.74|6102|40|0.00|12.00|0.00|0.00|0.00|0.00|0.00|0.00|0.00|
|C170|3|PROD001|PECA MECANICA TIPO A|1.95|UN|173.93|6102|00|155.00|12.00|18.60|0.00|0.00|0.00|0.00|0.00|0.00|
|C170|4|PROD004|PRODUTO ACABADO D|46.45|UN|42845.94|6102|10|39881.98|12.00|4785.84|0.00|0.00|0.00|0.00|0.00|0.00|
|C100|1|0|11223344000166|55|00|000000234|000|02022024|02022024|11818.13|7310.26|877.23|0.00|0.00|0.00|0.00|0.00|0.00|0.00|0|55512312300010|
|C170|1|PROD002|COMPONENTE ELETRICO B|7.76|UN|568.87|5101|90|485.41|12.00|58.25|0.00|0.00|0.00|0.00|0.00|0.00|
|C170|2|PROD001|PECA MECANICA TIPO A|40.52|UN|2953.17|5101|60|0.00|12.00|0.00|0.00|0.00|0.00|0.00|0.00|0.00|
|C170|3|PROD002|COMPONENTE ELETRICO B|25.93|UN|1359.61|5101|41|0.00|12.00|0.00|0.00|0.00|0.00|0.00|0.00|0.00|
|C170|4|PROD007|PARTE SOBRESSALENTE G|47.67|UN|6867.11|5101|00|6824.85|12.00|818.98|0.00|0.00|0.00|0.00|0.00|0.00|
|C170|5|PROD006|EMBALAGEM PADRAO F|7.87|UN|69.37|5101|50|0.00|12.00|0.00|0.00|0.00|0.00|0.00|0.00|0.00|
|C100|1|0|11223344000166|55|00|000000235|000|09022024|11022024|26067.99|0.00|0.00|0.00|0.00|0.00|0.00|0.00|0.00|0.00|0|99900011000155|
|C170|1|PROD004|PRODUTO ACABADO D|29.39|UN|18200.84|5403|40|0.00|12.00|0.00|0.00|0.00|0.00|0.00|0.00|0.00|
|C170|2|PROD001|PECA MECANICA TIPO A|4.09|UN|359.71|5403|40|0.00|12.00|0.00|0.00|0.00|0.00|0.00|0.00|0.00|
|C170|3|PROD003|MATERIAL BRUTO C|24.56|UN|7507.44|5403|60|0.00|12.00|0.00|0.00|0.00|0.00|0.00|0.00|0.00|
|C100|1|0|11223344000166|55|00|000000236|000|07022024|08022024|16948.41|3675.57|441.07|0.00|0.00|0.00|0.00|0.00|0.00|0.00|0|33366699000100|
|C170|1|PROD004|PRODUTO ACABADO D|18.00|UN|13022.27|5102|41|0.00|12.00|0.00|0.00|0.00|0.00|0.00|0.00|0.00|
|C170|2|PROD006|EMBALAGEM PADRAO F|20.68|UN|117.69|5102|40|0.00|12.00|0.00|0.00|0.00|0.00|0.00|0.00|0.00|
|C170|3|PROD001|PECA MECANICA TIPO A|46.22|UN|3808.45|5102|10|3675.57|12.00|441.07|0.00|0.00|0.00|0.00|0.00|0.00|
|C100|1|0|11223344000166|55|00|000000237|000|14022024|17022024|37787.17|7028.76|843.45|0.00|0.00|0.00|0.00|0.00|0.00|0.00|0|33366699000100|
|C170|1|PROD004|PRODUTO ACABADO D|42.01|UN|28314.99|6102|30|0.00|12.00|0.00|0.00|0.00|0.00|0.00|0.00|0.00|
|C170|2|PROD006|EMBALAGEM PADRAO F|40.60|UN|410.45|6102|30|0.00|12.00|0.00|0.00|0.00|0.00|0.00|0.00|0.00|
|C170|3|PROD006|EMBALAGEM PADRAO F|37.21|UN|341.93|6102|90|313.03|12.00|37.56|0.00|0.00|0.00|0.00|0.00|0.00|
|C170|4|PROD004|PRODUTO ACABADO D|8.01|UN|7607.75|6102|51|6715.73|12.00|805.89|0.00|0.00|0.00|0.00|0.00|0.00|
|C170|5|PROD005|INSUMO INDUSTRIAL E|34.72|UN|1112.05|6102|30|0.00|12.00|0.00|0.00|0.00|0.00|0.00|0.00|0.00|
|C100|1|0|11223344000166|55|00|000000238|000|27022024|01032024|28387.55|7101.59|852.19|0.00|0.00|0.00|0.00|0.00|0.00|0.00|0|99900011000155|
|C170|1|PROD008|CONJUNTO MONTADO H|7.12|UN|6631.38|6102|00|5728.99|12.00|687.48|0.00|0.00|0.00|0.00|0.00|0.00|
|C170|2|PROD008|CONJUNTO MONTADO H|14.94|UN|20142.72|6102|40|0.00|12.00|0.00|0.00|0.00|0.00|0.00|0.00|0.00|
|C170|3|PROD005|INSUMO INDUSTRIAL E|40.42|UN|1613.45|6102|00|1372.60|12.00|164.71|0.00|0.00|0.00|0.00|0.00|0.00|
|C100|1|0|11223344000166|55|00|000000239|000|26022024|26022024|40986.45|39060.20|4687.22|0.00|0.00|0.00|0.00|0.00|0.00|0.00|0|77788899000177|
|C170|1|PROD002|COMPONENTE ELETRICO B|26.64|UN|1818.31|5401|00|1582.13|12.00|189.86|0.00|0.00|0.00|0.00|0.00|0.00|
|C170|2|PROD005|INSUMO INDUSTRIAL E|42.97|UN|1487.33|5401|20|1476.93|12.00|177.23|0.00|0.00|0.00|0.00|0.00|0.00|
|C170|3|PROD008|CONJUNTO MONTADO H|33.55|UN|36140.73|5401|20|35984.86|12.00|4318.18|0.00|0.00|0.00|0.00|0.00|0.00|
|C170|4|PROD006|EMBALAGEM PADRAO F|1.79|UN|17.90|5401|20|16.28|12.00|1.95|0.00|0.00|0.00|0.00|0.00|0.00|
|C170|5|PROD007|PARTE SOBRESSALENTE G|18.94|UN|1522.18|5401|40|0.00|12.00|0.00|0.00|0.00|0.00|0.00|0.00|0.00|
|C100|1|0|11223344000166|55|00|000000240|000|24022024|25022024|4180.52|0.00|0.00|0.00|0.00|0.00|0.00|0.00|0.00|0.00|0|22244466000133|
|C170|1|PROD001|PECA MECANICA TIPO A|47.66|UN|4180.52|5403|70|0.00|12.00|0.00|0.00|0.00|0.00|0.00|0.00|0.00|
|C100|1|0|11223344000166|55|00|000000241|000|26022024|28022024|4217.53|0.00|0.00|0.00|0.00|0.00|0.00|0.00|0.00|0.00|0|99900011000155|
|C170|1|PROD007|PARTE SOBRESSALENTE G|32.76|UN|4217.53|5403|40|0.00|12.00|0.00|0.00|0.00|0.00|0.00|0.00|0.00|
|C100|1|0|11223344000166|55|00|000000242|000|05022024|06022024|2032.61|1944.13|233.29|0.00|0.00|0.00|0.00|0.00|0.00|0.00|0|77788899000177|
|C170|1|PROD006|EMBALAGEM PADRAO F|36.35|UN|426.74|5403|00|398.75|12.00|47.85|0.00|0.00|0.00|0.00|0.00|0.00|
|C170|2|PROD002|COMPONENTE ELETRICO B|36.88|UN|1540.64|5403|00|1487.45|12.00|178.49|0.00|0.00|0.00|0.00|0.00|0.00|
|C170|3|PROD006|EMBALAGEM PADRAO F|2.11|UN|21.32|5403|51|18.66|12.00|2.24|0.00|0.00|0.00|0.00|0.00|0.00|
|C170|4|PROD006|EMBALAGEM PADRAO F|6.56|UN|43.91|5403|00|39.27|12.00|4.71|0.00|0.00|0.00|0.00|0.00|0.00|
|C100|1|0|11223344000166|55|00|000000243|000|20022024|21022024|29574.09|14613.50|1753.63|0.00|0.00|0.00|0.00|0.00|0.00|0.00|0|55512312300010|
|C170|1|PROD002|COMPONENTE ELETRICO B|30.70|UN|1487.37|6101|10|1335.71|12.00|160.29|0.00|0.00|0.00|0.00|0.00|0.00|
|C170|2|PROD004|PRODUTO ACABADO D|22.39|UN|13185.84|6101|41|0.00|12.00|0.00|0.00|0.00|0.00|0.00|0.00|0.00|
|C170|3|PROD002|COMPONENTE ELETRICO B|19.78|UN|1461.25|6101|20|1298.56|12.00|155.83|0.00|0.00|0.00|0.00|0.00|0.00|
|C170|4|PROD003|MATERIAL BRUTO C|29.49|UN|8522.00|6101|51|7786.57|12.00|934.39|0.00|0.00|0.00|0.00|0.00|0.00|
|C170|5|PROD007|PARTE SOBRESSALENTE G|44.66|UN|4917.63|6101|00|4192.66|12.00|503.12|0.00|0.00|0.00|0.00|0.00|0.00|
|C100|1|0|11223344000166|55|00|000000244|000|09022024|10022024|57671.75|52021.65|6242.60|0.00|0.00|0.00|0.00|0.00|0.00|0.00|0|22244466000133|
|C170|1|PROD004|PRODUTO ACABADO D|9.54|UN|7190.44|6102|90|6121.90|12.00|734.63|0.00|0.00|0.00|0.00|0.00|0.00|
|C170|2|PROD002|COMPONENTE ELETRICO B|41.38|UN|2704.03|6102|00|2612.76|12.00|313.53|0.00|0.00|0.00|0.00|0.00|0.00|
|C170|3|PROD008|CONJUNTO MONTADO H|37.89|UN|45873.35|6102|20|43286.99|12.00|5194.44|0.00|0.00|0.00|0.00|0.00|0.00|
|C170|4|PROD005|INSUMO INDUSTRIAL E|48.92|UN|1903.93|6102|40|0.00|12.00|0.00|0.00|0.00|0.00|0.00|0.00|0.00|
|C100|1|0|11223344000166|55|00|000000245|000|10022024|10022024|1272.32|1136.58|136.39|0.00|0.00|0.00|0.00|0.00|0.00|0.00|0|55512312300010|
|C170|1|PROD006|EMBALAGEM PADRAO F|6.51|UN|43.26|5403|00|40.32|12.00|4.84|0.00|0.00|0.00|0.00|0.00|0.00|
|C170|2|PROD002|COMPONENTE ELETRICO B|27.85|UN|1229.06|5403|90|1096.26|12.00|131.55|0.00|0.00|0.00|0.00|0.00|0.00|
|C100|1|0|11223344000166|55|00|000000246|000|15022024|17022024|5914.71|1533.78|184.05|0.00|0.00|0.00|0.00|0.00|0.00|0.00|0|99900011000155|
|C170|1|PROD002|COMPONENTE ELETRICO B|28.48|UN|1542.82|5101|10|1533.78|12.00|184.05|0.00|0.00|0.00|0.00|0.00|0.00|
|C170|2|PROD007|PARTE SOBRESSALENTE G|38.88|UN|4300.68|5101|40|0.00|12.00|0.00|0.00|0.00|0.00|0.00|0.00|0.00|
|C170|3|PROD006|EMBALAGEM PADRAO F|12.01|UN|71.21|5101|40|0.00|12.00|0.00|0.00|0.00|0.00|0.00|0.00|0.00|
|C100|1|0|11223344000166|55|00|000000247|000|15022024|15022024|5613.44|5016.96|602.04|0.00|0.00|0.00|0.00|0.00|0.00|0.00|0|77788899000177|
|C170|1|PROD008|CONJUNTO MONTADO H|6.13|UN|5613.44|6101|10|5016.96|12.00|602.04|0.00|0.00|0.00|0.00|0.00|0.00|
|C100|1|0|11223344000166|55|00|000000248|000|20022024|20022024|9951.46|0.00|0.00|0.00|0.00|0.00|0.00|0.00|0.00|0.00|0|77788899000177|
|C170|1|PROD003|MATERIAL BRUTO C|42.67|UN|9951.46|6102|60|0.00|12.00|0.00|0.00|0.00|0.00|0.00|0.00|0.00|
|C100|1|0|11223344000166|55|00|000000249|000|08022024|09022024|3265.41|376.61|45.19|0.00|0.00|0.00|0.00|0.00|0.00|0.00|0|99900011000155|
|C170|1|PROD007|PARTE SOBRESSALENTE G|2.92|UN|376.63|6102|00|376.61|12.00|45.19|0.00|0.00|0.00|0.00|0.00|0.00|
|C170|2|PROD004|PRODUTO ACABADO D|4.46|UN|2888.78|6102|41|0.00|12.00|0.00|0.00|0.00|0.00|0.00|0.00|0.00|
|C100|1|0|11223344000166|55|00|000000250|000|08022024|11022024|9805.02|3057.90|366.95|0.00|0.00|0.00|0.00|0.00|0.00|0.00|0|99900011000155|
|C170|1|PROD005|INSUMO INDUSTRIAL E|42.73|UN|701.28|5401|00|645.08|12.00|77.41|0.00|0.00|0.00|0.00|0.00|0.00|
|C170|2|PROD007|PARTE SOBRESSALENTE G|45.75|UN|6519.98|5401|40|0.00|12.00|0.00|0.00|0.00|0.00|0.00|0.00|0.00|
|C170|3|PROD002|COMPONENTE ELETRICO B|32.97|UN|2583.76|5401|00|2412.82|12.00|289.54|0.00|0.00|0.00|0.00|0.00|0.00|
|C100|1|0|11223344000166|55|00|000000251|000|13022024|13022024|17069.84|15570.17|1868.42|0.00|0.00|0.00|0.00|0.00|0.00|0.00|0|55512312300010|
|C170|1|PROD004|PRODUTO ACABADO D|25.16|UN|16333.14|5403|00|14894.03|12.00|1787.28|0.00|0.00|0.00|0.00|0.00|0.00|
|C170|2|PROD002|COMPONENTE ELETRICO B|9.81|UN|458.37|5403|00|419.46|12.00|50.34|0.00|0.00|0.00|0.00|0.00|0.00|
|C170|3|PROD006|EMBALAGEM PADRAO F|27.78|UN|278.33|5403|20|256.68|12.00|30.80|0.00|0.00|0.00|0.00|0.00|0.00|
|C100|1|0|11223344000166|55|00|000000252|000|21022024|22022024|51171.98|50755.33|6090.64|0.00|0.00|0.00|0.00|0.00|0.00|0.00|0|33366699000100|
|C170|1|PROD004|PRODUTO ACABADO D|22.79|UN|20420.77|6101|00|20410.71|12.00|2449.29|0.00|0.00|0.00|0.00|0.00|0.00|
|C170|2|PROD005|INSUMO INDUSTRIAL E|6.01|UN|236.47|6101|00|227.85|12.00|27.34|0.00|0.00|0.00|0.00|0.00|0.00|
|C170|3|PROD004|PRODUTO ACABADO D|31.06|UN|28693.21|6101|00|28354.65|12.00|3402.56|0.00|0.00|0.00|0.00|0.00|0.00|
|C170|4|PROD001|PECA MECANICA TIPO A|30.65|UN|1821.53|6101|51|1762.12|12.00|211.45|0.00|0.00|0.00|0.00|0.00|0.00|
|C100|1|0|11223344000166|55|00|000000253|000|19022024|21022024|3655.84|1255.88|150.70|0.00|0.00|0.00|0.00|0.00|0.00|0.00|0|22244466000133|
|C170|1|PROD002|COMPONENTE ELETRICO B|21.13|UN|1217.82|5102|90|1076.10|12.00|129.13|0.00|0.00|0.00|0.00|0.00|0.00|
|C170|2|PROD006|EMBALAGEM PADRAO F|18.56|UN|200.29|5102|10|179.78|12.00|21.57|0.00|0.00|0.00|0.00|0.00|0.00|
|C170|3|PROD001|PECA MECANICA TIPO A|20.04|UN|2237.73|5102|40|0.00|12.00|0.00|0.00|0.00|0.00|0.00|0.00|0.00|
|C100|1|0|11223344000166|55|00|000000254|000|01022024|03022024|1652.02|1470.81|176.50|0.00|0.00|0.00|0.00|0.00|0.00|0.00|0|99900011000155|
|C170|1|PROD007|PARTE SOBRESSALENTE G|20.47|UN|1652.02|5102|00|1470.81|12.00|176.50|0.00|0.00|0.00|0.00|0.00|0.00|
|C100|1|0|11223344000166|55|00|000000255|000|21022024|21022024|53358.26|47717.40|5726.09|0.00|0.00|0.00|0.00|0.00|0.00|0.00|0|22244466000133|
|C170|1|PROD001|PECA MECANICA TIPO A|28.63|UN|2678.52|6102|00|2527.60|12.00|303.31|0.00|0.00|0.00|0.00|0.00|0.00|
|C170|2|PROD008|CONJUNTO MONTADO H|40.03|UN|48927.51|6102|00|43580.66|12.00|5229.68|0.00|0.00|0.00|0.00|0.00|0.00|
|C170|3|PROD001|PECA MECANICA TIPO A|21.50|UN|1752.23|6102|20|1609.14|12.00|193.10|0.00|0.00|0.00|0.00|0.00|0.00|
|C100|1|0|11223344000166|55|00|000000256|000|28022024|28022024|8791.15|7932.74|951.94|0.00|0.00|0.00|0.00|0.00|0.00|0.00|0|77788899000177|
|C170|1|PROD002|COMPONENTE ELETRICO B|4.84|UN|369.26|5401|40|0.00|12.00|0.00|0.00|0.00|0.00|0.00|0.00|0.00|
|C170|2|PROD007|PARTE SOBRESSALENTE G|12.51|UN|1497.55|5401|00|1451.49|12.00|174.18|0.00|0.00|0.00|0.00|0.00|0.00|
|C170|3|PROD006|EMBALAGEM PADRAO F|49.66|UN|299.92|5401|10|281.39|12.00|33.77|0.00|0.00|0.00|0.00|0.00|0.00|
|C170|4|PROD007|PARTE SOBRESSALENTE G|31.59|UN|3995.82|5401|10|3930.22|12.00|471.63|0.00|0.00|0.00|0.00|0.00|0.00|
|C170|5|PROD007|PARTE SOBRESSALENTE G|25.09|UN|2628.60|5401|90|2269.64|12.00|272.36|0.00|0.00|0.00|0.00|0.00|0.00|
|C100|1|0|11223344000166|55|00|000000257|000|10022024|13022024|51858.61|45903.52|5508.42|0.00|0.00|0.00|0.00|0.00|0.00|0.00|0|99900011000155|
|C170|1|PROD004|PRODUTO ACABADO D|20.40|UN|17968.73|6102|00|16784.41|12.00|2014.13|0.00|0.00|0.00|0.00|0.00|0.00|
|C170|2|PROD008|CONJUNTO MONTADO H|28.14|UN|31303.22|6102|00|29119.11|12.00|3494.29|0.00|0.00|0.00|0.00|0.00|0.00|
|C170|3|PROD001|PECA MECANICA TIPO A|29.04|UN|2586.66|6102|70|0.00|12.00|0.00|0.00|0.00|0.00|0.00|0.00|0.00|
|C100|1|0|11223344000166|55|00|000000258|000|04022024|07022024|10336.08|9305.82|1116.69|0.00|0.00|0.00|0.00|0.00|0.00|0.00|0|33366699000100|
|C170|1|PROD007|PARTE SOBRESSALENTE G|7.74|UN|1182.13|5102|00|1126.37|12.00|135.16|0.00|0.00|0.00|0.00|0.00|0.00|
|C170|2|PROD006|EMBALAGEM PADRAO F|8.87|UN|57.67|5102|10|57.61|12.00|6.91|0.00|0.00|0.00|0.00|0.00|0.00|
|C170|3|PROD003|MATERIAL BRUTO C|43.75|UN|9000.22|5102|90|8121.84|12.00|974.62|0.00|0.00|0.00|0.00|0.00|0.00|
|C170|4|PROD005|INSUMO INDUSTRIAL E|2.94|UN|96.06|5102|41|0.00|12.00|0.00|0.00|0.00|0.00|0.00|0.00|0.00|
|C100|1|0|11223344000166|55|00|000000259|000|25022024|25022024|1193.98|900.31|108.04|0.00|0.00|0.00|0.00|0.00|0.00|0.00|0|99900011000155|
|C170|1|PROD006|EMBALAGEM PADRAO F|27.82|UN|244.82|5401|30|0.00|12.00|0.00|0.00|0.00|0.00|0.00|0.00|0.00|
|C170|2|PROD005|INSUMO INDUSTRIAL E|44.37|UN|949.16|5401|10|900.31|12.00|108.04|0.00|0.00|0.00|0.00|0.00|0.00|
|C100|1|0|11223344000166|55|00|000000260|000|19022024|22022024|8799.51|5948.86|713.87|0.00|0.00|0.00|0.00|0.00|0.00|0.00|0|99900011000155|
|C170|1|PROD006|EMBALAGEM PADRAO F|6.77|UN|41.04|6102|00|40.58|12.00|4.87|0.00|0.00|0.00|0.00|0.00|0.00|
|C170|2|PROD006|EMBALAGEM PADRAO F|27.16|UN|273.23|6102|30|0.00|12.00|0.00|0.00|0.00|0.00|0.00|0.00|0.00|
|C170|3|PROD007|PARTE SOBRESSALENTE G|26.50|UN|3641.21|6102|00|3447.64|12.00|413.72|0.00|0.00|0.00|0.00|0.00|0.00|
|C170|4|PROD001|PECA MECANICA TIPO A|20.22|UN|2338.10|6102|40|0.00|12.00|0.00|0.00|0.00|0.00|0.00|0.00|0.00|
|C170|5|PROD001|PECA MECANICA TIPO A|24.35|UN|2505.93|6102|00|2460.64|12.00|295.28|0.00|0.00|0.00|0.00|0.00|0.00|
|C100|1|0|11223344000166|55|00|000000261|000|17022024|19022024|28103.42|1088.81|130.66|0.00|0.00|0.00|0.00|0.00|0.00|0.00|0|77788899000177|
|C170|1|PROD004|PRODUTO ACABADO D|38.15|UN|24880.99|5401|40|0.00|12.00|0.00|0.00|0.00|0.00|0.00|0.00|0.00|
|C170|2|PROD001|PECA MECANICA TIPO A|19.03|UN|1943.84|5401|50|0.00|12.00|0.00|0.00|0.00|0.00|0.00|0.00|0.00|
|C170|3|PROD005|INSUMO INDUSTRIAL E|34.34|UN|1278.59|5401|20|1088.81|12.00|130.66|0.00|0.00|0.00|0.00|0.00|0.00|
|C100|1|0|11223344000166|55|00|000000262|000|09022024|11022024|3646.46|3567.10|428.05|0.00|0.00|0.00|0.00|0.00|0.00|0.00|0|99900011000155|
|C170|1|PROD003|MATERIAL BRUTO C|10.43|UN|3646.46|6102|00|3567.10|12.00|428.05|0.00|0.00|0.00|0.00|0.00|0.00|
|C100|1|0|11223344000166|55|00|000000263|000|29022024|01032024|6062.82|0.00|0.00|0.00|0.00|0.00|0.00|0.00|0.00|0.00|0|99900011000155|
|C170|1|PROD002|COMPONENTE ELETRICO B|26.81|UN|1835.67|5101|50|0.00|12.00|0.00|0.00|0.00|0.00|0.00|0.00|0.00|
|C170|2|PROD007|PARTE SOBRESSALENTE G|40.59|UN|4227.15|5101|40|0.00|12.00|0.00|0.00|0.00|0.00|0.00|0.00|0.00|
|C100|1|0|11223344000166|55|00|000000264|000|13022024|13022024|5402.52|0.00|0.00|0.00|0.00|0.00|0.00|0.00|0.00|0.00|0|33366699000100|
|C170|1|PROD008|CONJUNTO MONTADO H|7.27|UN|5402.52|5101|70|0.00|12.00|0.00|0.00|0.00|0.00|0.00|0.00|0.00|
|C100|1|0|11223344000166|55|00|000000265|000|22022024|24022024|48198.21|41759.36|5011.12|0.00|0.00|0.00|0.00|0.00|0.00|0.00|0|99900011000155|
|C170|1|PROD008|CONJUNTO MONTADO H|32.40|UN|32314.11|5101|00|31722.87|12.00|3806.74|0.00|0.00|0.00|0.00|0.00|0.00|
|C170|2|PROD003|MATERIAL BRUTO C|17.49|UN|5503.61|5101|40|0.00|12.00|0.00|0.00|0.00|0.00|0.00|0.00|0.00|
|C170|3|PROD006|EMBALAGEM PADRAO F|35.98|UN|420.65|5101|10|403.18|12.00|48.38|0.00|0.00|0.00|0.00|0.00|0.00|
|C170|4|PROD008|CONJUNTO MONTADO H|7.58|UN|9959.84|5101|90|9633.31|12.00|1156.00|0.00|0.00|0.00|0.00|0.00|0.00|
|C100|1|0|11223344000166|55|00|000000266|000|20022024|22022024|65504.15|26037.96|3124.56|0.00|0.00|0.00|0.00|0.00|0.00|0.00|0|77788899000177|
|C170|1|PROD005|INSUMO INDUSTRIAL E|38.37|UN|1415.85|5102|40|0.00|12.00|0.00|0.00|0.00|0.00|0.00|0.00|0.00|
|C170|2|PROD001|PECA MECANICA TIPO A|8.95|UN|616.70|5102|40|0.00|12.00|0.00|0.00|0.00|0.00|0.00|0.00|0.00|
|C170|3|PROD007|PARTE SOBRESSALENTE G|39.97|UN|4206.63|5102|40|0.00|12.00|0.00|0.00|0.00|0.00|0.00|0.00|0.00|
|C170|4|PROD008|CONJUNTO MONTADO H|25.27|UN|30057.15|5102|10|26037.96|12.00|3124.56|0.00|0.00|0.00|0.00|0.00|0.00|
|C170|5|PROD004|PRODUTO ACABADO D|48.27|UN|29207.82|5102|60|0.00|12.00|0.00|0.00|0.00|0.00|0.00|0.00|0.00|
|C100|1|0|11223344000166|55|00|000000267|000|19022024|20022024|5556.87|183.69|22.04|0.00|0.00|0.00|0.00|0.00|0.00|0.00|0|33366699000100|
|C170|1|PROD003|MATERIAL BRUTO C|11.15|UN|3121.95|5102|30|0.00|12.00|0.00|0.00|0.00|0.00|0.00|0.00|0.00|
|C170|2|PROD005|INSUMO INDUSTRIAL E|6.48|UN|200.56|5102|10|183.69|12.00|22.04|0.00|0.00|0.00|0.00|0.00|0.00|
|C170|3|PROD007|PARTE SOBRESSALENTE G|17.88|UN|2234.36|5102|41|0.00|12.00|0.00|0.00|0.00|0.00|0.00|0.00|0.00|
|C100|1|0|11223344000166|55|00|000000268|000|25022024|26022024|32795.77|11905.11|1428.61|0.00|0.00|0.00|0.00|0.00|0.00|0.00|0|77788899000177|
|C170|1|PROD004|PRODUTO ACABADO D|28.96|UN|19433.04|5401|40|0.00|12.00|0.00|0.00|0.00|0.00|0.00|0.00|0.00|
|C170|2|PROD001|PECA MECANICA TIPO A|10.30|UN|748.25|5401|00|657.07|12.00|78.85|0.00|0.00|0.00|0.00|0.00|0.00|
|C170|3|PROD002|COMPONENTE ELETRICO B|25.43|UN|1353.65|5401|00|1194.68|12.00|143.36|0.00|0.00|0.00|0.00|0.00|0.00|
|C170|4|PROD004|PRODUTO ACABADO D|22.26|UN|11260.83|5401|00|10053.36|12.00|1206.40|0.00|0.00|0.00|0.00|0.00|0.00|
|C100|1|0|11223344000166|55|00|000000269|000|09022024|11022024|4627.89|4183.74|502.04|0.00|0.00|0.00|0.00|0.00|0.00|0.00|0|99900011000155|
|C170|1|PROD007|PARTE SOBRESSALENTE G|18.37|UN|2450.04|5403|10|2298.37|12.00|275.80|0.00|0.00|0.00|0.00|0.00|0.00|
|C170|2|PROD002|COMPONENTE ELETRICO B|27.18|UN|2177.85|5403|10|1885.37|12.00|226.24|0.00|0.00|0.00|0.00|0.00|0.00|
|C100|1|0|11223344000166|55|00|000000270|000|17022024|18022024|42581.32|37927.91|4551.35|0.00|0.00|0.00|0.00|0.00|0.00|0.00|0|33366699000100|
|C170|1|PROD006|EMBALAGEM PADRAO F|44.53|UN|288.10|6102|40|0.00|12.00|0.00|0.00|0.00|0.00|0.00|0.00|0.00|
|C170|2|PROD004|PRODUTO ACABADO D|43.22|UN|42293.22|6102|90|37927.91|12.00|4551.35|0.00|0.00|0.00|0.00|0.00|0.00|
|C100|1|0|11223344000166|55|00|000000271|000|16022024|16022024|17097.67|13431.12|1611.74|0.00|0.00|0.00|0.00|0.00|0.00|0.00|0|33366699000100|
|C170|1|PROD005|INSUMO INDUSTRIAL E|31.84|UN|759.61|5401|10|725.01|12.00|87.00|0.00|0.00|0.00|0.00|0.00|0.00|
|C170|2|PROD004|PRODUTO ACABADO D|20.24|UN|12678.52|5401|51|12475.13|12.00|1497.02|0.00|0.00|0.00|0.00|0.00|0.00|
|C170|3|PROD006|EMBALAGEM PADRAO F|23.26|UN|249.37|5401|00|230.98|12.00|27.72|0.00|0.00|0.00|0.00|0.00|0.00|
|C170|4|PROD001|PECA MECANICA TIPO A|6.05|UN|682.36|5401|60|0.00|12.00|0.00|0.00|0.00|0.00|0.00|0.00|0.00|
|C170|5|PROD003|MATERIAL BRUTO C|13.35|UN|2727.81|5401|50|0.00|12.00|0.00|0.00|0.00|0.00|0.00|0.00|0.00|
|C100|1|0|11223344000166|55|00|000000272|000|12022024|13022024|3289.33|3131.29|375.76|0.00|0.00|0.00|0.00|0.00|0.00|0.00|0|77788899000177|
|C170|1|PROD007|PARTE SOBRESSALENTE G|23.66|UN|3004.51|6101|20|2867.40|12.00|344.09|0.00|0.00|0.00|0.00|0.00|0.00|
|C170|2|PROD002|COMPONENTE ELETRICO B|3.89|UN|284.82|6101|00|263.89|12.00|31.67|0.00|0.00|0.00|0.00|0.00|0.00|
|C100|1|0|11223344000166|55|00|000000273|000|11022024|12022024|28213.24|20153.64|2418.44|0.00|0.00|0.00|0.00|0.00|0.00|0.00|0|33366699000100|
|C170|1|PROD001|PECA MECANICA TIPO A|13.63|UN|1220.07|5102|40|0.00|12.00|0.00|0.00|0.00|0.00|0.00|0.00|0.00|
|C170|2|PROD004|PRODUTO ACABADO D|30.89|UN|20560.81|5102|00|18855.34|12.00|2262.64|0.00|0.00|0.00|0.00|0.00|0.00|
|C170|3|PROD001|PECA MECANICA TIPO A|47.57|UN|5026.83|5102|30|0.00|12.00|0.00|0.00|0.00|0.00|0.00|0.00|0.00|
|C170|4|PROD008|CONJUNTO MONTADO H|1.53|UN|1405.53|5102|00|1298.30|12.00|155.80|0.00|0.00|0.00|0.00|0.00|0.00|
|C100|1|0|11223344000166|55|00|000000274|000|23022024|26022024|19483.59|7007.99|840.97|0.00|0.00|0.00|0.00|0.00|0.00|0.00|0|55512312300010|
|C170|1|PROD004|PRODUTO ACABADO D|21.45|UN|12055.54|6101|50|0.00|12.00|0.00|0.00|0.00|0.00|0.00|0.00|0.00|
|C170|2|PROD002|COMPONENTE ELETRICO B|37.08|UN|2432.88|6101|00|2210.64|12.00|265.28|0.00|0.00|0.00|0.00|0.00|0.00|
|C170|3|PROD006|EMBALAGEM PADRAO F|13.69|UN|142.40|6101|20|124.17|12.00|14.90|0.00|0.00|0.00|0.00|0.00|0.00|
|C170|4|PROD006|EMBALAGEM PADRAO F|27.64|UN|169.43|6101|00|160.80|12.00|19.30|0.00|0.00|0.00|0.00|0.00|0.00|
|C170|5|PROD007|PARTE SOBRESSALENTE G|37.58|UN|4683.34|6101|00|4512.38|12.00|541.49|0.00|0.00|0.00|0.00|0.00|0.00|
|C100|1|0|11223344000166|55|00|000000275|000|08022024|08022024|73845.63|66274.71|7952.97|0.00|0.00|0.00|0.00|0.00|0.00|0.00|0|22244466000133|
|C170|1|PROD004|PRODUTO ACABADO D|3.28|UN|2415.98|5101|40|0.00|12.00|0.00|0.00|0.00|0.00|0.00|0.00|0.00|
|C170|2|PROD005|INSUMO INDUSTRIAL E|27.41|UN|1039.15|5101|30|0.00|12.00|0.00|0.00|0.00|0.00|0.00|0.00|0.00|
|C170|3|PROD008|CONJUNTO MONTADO H|37.97|UN|28527.65|5101|51|28033.74|12.00|3364.05|0.00|0.00|0.00|0.00|0.00|0.00|
|C170|4|PROD003|MATERIAL BRUTO C|43.33|UN|9653.08|5101|00|8517.76|12.00|1022.13|0.00|0.00|0.00|0.00|0.00|0.00|
|C170|5|PROD008|CONJUNTO MONTADO H|42.15|UN|32209.77|5101|90|29723.21|12.00|3566.79|0.00|0.00|0.00|0.00|0.00|0.00|
|C100|1|0|11223344000166|55|00|000000276|000|25022024|28022024|2374.71|1067.88|128.14|0.00|0.00|0.00|0.00|0.00|0.00|0.00|0|55512312300010|
|C170|1|PROD006|EMBALAGEM PADRAO F|34.21|UN|299.36|5403|90|288.87|12.00|34.66|0.00|0.00|0.00|0.00|0.00|0.00|
|C170|2|PROD007|PARTE SOBRESSALENTE G|10.28|UN|1269.93|5403|40|0.00|12.00|0.00|0.00|0.00|0.00|0.00|0.00|0.00|
|C170|3|PROD007|PARTE SOBRESSALENTE G|8.84|UN|805.42|5403|10|779.01|12.00|93.48|0.00|0.00|0.00|0.00|0.00|0.00|
|C100|1|0|11223344000166|55|00|000000277|000|01022024|04022024|299.75|0.00|0.00|0.00|0.00|0.00|0.00|0.00|0.00|0.00|0|33366699000100|
|C170|1|PROD006|EMBALAGEM PADRAO F|27.75|UN|299.75|5401|60|0.00|12.00|0.00|0.00|0.00|0.00|0.00|0.00|0.00|
|C100|1|0|11223344000166|55|00|000000278|000|07022024|07022024|53558.56|13617.49|1634.09|0.00|0.00|0.00|0.00|0.00|0.00|0.00|0|33366699000100|
|C170|1|PROD004|PRODUTO ACABADO D|13.91|UN|12244.27|5403|51|11263.87|12.00|1351.66|0.00|0.00|0.00|0.00|0.00|0.00|
|C170|2|PROD003|MATERIAL BRUTO C|10.36|UN|2491.24|5403|20|2353.62|12.00|282.43|0.00|0.00|0.00|0.00|0.00|0.00|
|C170|3|PROD008|CONJUNTO MONTADO H|47.00|UN|38823.05|5403|40|0.00|12.00|0.00|0.00|0.00|0.00|0.00|0.00|0.00|
|C100|1|0|11223344000166|55|00|000000279|000|13022024|14022024|5237.77|1385.57|166.27|0.00|0.00|0.00|0.00|0.00|0.00|0.00|0|33366699000100|
|C170|1|PROD007|PARTE SOBRESSALENTE G|32.23|UN|3815.86|5102|50|0.00|12.00|0.00|0.00|0.00|0.00|0.00|0.00|0.00|
|C170|2|PROD005|INSUMO INDUSTRIAL E|47.70|UN|1421.91|5102|00|1385.57|12.00|166.27|0.00|0.00|0.00|0.00|0.00|0.00|
|C100|1|0|11223344000166|55|00|000000280|000|04022024|06022024|2428.46|1108.01|132.96|0.00|0.00|0.00|0.00|0.00|0.00|0.00|0|99900011000155|
|C170|1|PROD002|COMPONENTE ELETRICO B|24.52|UN|1219.38|5101|40|0.00|12.00|0.00|0.00|0.00|0.00|0.00|0.00|0.00|
|C170|2|PROD005|INSUMO INDUSTRIAL E|31.19|UN|1209.08|5101|00|1108.01|12.00|132.96|0.00|0.00|0.00|0.00|0.00|0.00|
|C100|1|0|11223344000166|55|00|000000281|000|08022024|10022024|30809.01|15197.33|1823.68|0.00|0.00|0.00|0.00|0.00|0.00|0.00|0|99900011000155|
|C170|1|PROD007|PARTE SOBRESSALENTE G|32.05|UN|3909.49|6101|00|3719.35|12.00|446.32|0.00|0.00|0.00|0.00|0.00|0.00|
|C170|2|PROD003|MATERIAL BRUTO C|44.70|UN|13972.77|6101|40|0.00|12.00|0.00|0.00|0.00|0.00|0.00|0.00|0.00|
|C170|3|PROD005|INSUMO INDUSTRIAL E|6.12|UN|208.37|6101|00|189.85|12.00|22.78|0.00|0.00|0.00|0.00|0.00|0.00|
|C170|4|PROD006|EMBALAGEM PADRAO F|35.98|UN|375.65|6101|10|335.14|12.00|40.22|0.00|0.00|0.00|0.00|0.00|0.00|
|C170|5|PROD004|PRODUTO ACABADO D|16.45|UN|12342.73|6101|51|10952.99|12.00|1314.36|0.00|0.00|0.00|0.00|0.00|0.00|
|C100|1|0|11223344000166|55|00|000000282|000|12022024|15022024|908.48|47.52|5.70|0.00|0.00|0.00|0.00|0.00|0.00|0.00|0|77788899000177|
|C170|1|PROD005|INSUMO INDUSTRIAL E|44.05|UN|858.55|5403|30|0.00|12.00|0.00|0.00|0.00|0.00|0.00|0.00|0.00|
|C170|2|PROD006|EMBALAGEM PADRAO F|9.87|UN|49.93|5403|10|47.52|12.00|5.70|0.00|0.00|0.00|0.00|0.00|0.00|
|C100|1|0|11223344000166|55|00|000000283|000|29022024|03032024|57065.49|28297.58|3395.71|0.00|0.00|0.00|0.00|0.00|0.00|0.00|0|99900011000155|
|C170|1|PROD004|LINHA_CORROMPIDA|
|C170|2|PROD001|PECA MECANICA TIPO A|23.07|UN|1860.61|5403|40|0.00|12.00|0.00|0.00|0.00|0.00|0.00|0.00|0.00|
|C170|3|PROD007|PARTE SOBRESSALENTE G|11.40|UN|1403.81|5403|40|0.00|12.00|0.00|0.00|0.00|0.00|0.00|0.00|0.00|
|C170|4|PROD008|CONJUNTO MONTADO H|36.29|UN|31985.02|5403|20|28297.58|12.00|3395.71|0.00|0.00|0.00|0.00|0.00|0.00|
|C100|1|0|11223344000166|55|00|000000284|000|05022024|05022024|8743.35|6819.56|818.34|0.00|0.00|0.00|0.00|0.00|0.00|0.00|0|77788899000177|
|C170|1|PROD007|PARTE SOBRESSALENTE G|13.54|UN|1718.62|5101|51|1484.28|12.00|178.11|0.00|0.00|0.00|0.00|0.00|0.00|
|C170|2|PROD004|PRODUTO ACABADO D|9.61|UN|5644.24|5101|90|5335.28|12.00|640.23|0.00|0.00|0.00|0.00|0.00|0.00|
|C170|3|PROD002|COMPONENTE ELETRICO B|34.16|UN|1380.49|5101|40|0.00|12.00|0.00|0.00|0.00|0.00|0.00|0.00|0.00|
|C100|1|0|11223344000166|55|00|000000285|000|24022024|24022024|35024.96|5535.75|664.29|0.00|0.00|0.00|0.00|0.00|0.00|0.00|0|33366699000100|
|C170|1|PROD007|PARTE SOBRESSALENTE G|34.00|UN|4567.43|6102|00|4109.18|12.00|493.10|0.00|0.00|0.00|0.00|0.00|0.00|
|C170|2|PROD007|PARTE SOBRESSALENTE G|47.09|UN|5665.64|6102|50|0.00|12.00|0.00|0.00|0.00|0.00|0.00|0.00|0.00|
|C170|3|PROD008|CONJUNTO MONTADO H|1.31|UN|1510.19|6102|00|1426.57|12.00|171.19|0.00|0.00|0.00|0.00|0.00|0.00|
|C170|4|PROD006|EMBALAGEM PADRAO F|32.66|UN|186.49|6102|40|0.00|12.00|0.00|0.00|0.00|0.00|0.00|0.00|0.00|
|C170|5|PROD008|CONJUNTO MONTADO H|32.57|UN|23095.21|6102|70|0.00|12.00|0.00|0.00|0.00|0.00|0.00|0.00|0.00|
|C100|1|0|11223344000166|55|00|000000286|000|05022024|07022024|5786.22|1499.53|179.94|0.00|0.00|0.00|0.00|0.00|0.00|0.00|0|55512312300010|
|C170|1|PROD001|PECA MECANICA TIPO A|36.30|UN|4089.33|6101|40|0.00|12.00|0.00|0.00|0.00|0.00|0.00|0.00|0.00|
|C170|2|PROD001|PECA MECANICA TIPO A|16.90|UN|1696.89|6101|20|1499.53|12.00|179.94|0.00|0.00|0.00|0.00|0.00|0.00|
|C100|1|0|11223344000166|55|00|000000287|000|17022024|17022024|15356.31|3829.11|459.49|0.00|0.00|0.00|0.00|0.00|0.00|0.00|0|99900011000155|
|C170|1|PROD004|PRODUTO ACABADO D|3.34|UN|2337.27|5403|10|2094.19|12.00|251.30|0.00|0.00|0.00|0.00|0.00|0.00|
|C170|2|PROD004|PRODUTO ACABADO D|18.71|UN|11099.71|5403|40|0.00|12.00|0.00|0.00|0.00|0.00|0.00|0.00|0.00|
|C170|3|PROD002|COMPONENTE ELETRICO B|41.86|UN|1919.33|5403|00|1734.92|12.00|208.19|0.00|0.00|0.00|0.00|0.00|0.00|
|C100|1|0|11223344000166|55|00|000000288|000|01022024|04022024|12822.48|6635.00|796.20|0.00|0.00|0.00|0.00|0.00|0.00|0.00|0|22244466000133|
|C170|1|PROD005|INSUMO INDUSTRIAL E|30.47|UN|1255.55|5401|10|1096.91|12.00|131.63|0.00|0.00|0.00|0.00|0.00|0.00|
|C170|2|PROD007|PARTE SOBRESSALENTE G|23.06|UN|2716.70|5401|40|0.00|12.00|0.00|0.00|0.00|0.00|0.00|0.00|0.00|
|C170|3|PROD003|MATERIAL BRUTO C|28.74|UN|6308.57|5401|00|5538.09|12.00|664.57|0.00|0.00|0.00|0.00|0.00|0.00|
|C170|4|PROD001|PECA MECANICA TIPO A|36.40|UN|2541.66|5401|41|0.00|12.00|0.00|0.00|0.00|0.00|0.00|0.00|0.00|
|C100|1|0|11223344000166|55|00|000000289|000|04022024|06022024|40997.88|27757.61|3330.91|0.00|0.00|0.00|0.00|0.00|0.00|0.00|0|22244466000133|
|C170|1|PROD001|PECA MECANICA TIPO A|2.24|UN|181.70|5401|40|0.00|12.00|0.00|0.00|0.00|0.00|0.00|0.00|0.00|
|C170|2|PROD004|PRODUTO ACABADO D|31.88|UN|26727.20|5401|20|25339.10|12.00|3040.69|0.00|0.00|0.00|0.00|0.00|0.00|
|C170|3|PROD002|COMPONENTE ELETRICO B|31.90|UN|2606.54|5401|00|2418.51|12.00|290.22|0.00|0.00|0.00|0.00|0.00|0.00|
|C170|4|PROD003|MATERIAL BRUTO C|46.87|UN|11482.44|5401|41|0.00|12.00|0.00|0.00|0.00|0.00|0.00|0.00|0.00|
|C100|1|0|11223344000166|55|00|000000290|000|13022024|15022024|24261.74|22686.89|2722.43|0.00|0.00|0.00|0.00|0.00|0.00|0.00|0|22244466000133|
|C170|1|PROD005|INSUMO INDUSTRIAL E|8.14|UN|320.55|5102|60|0.00|12.00|0.00|0.00|0.00|0.00|0.00|0.00|0.00|
|C170|2|PROD001|PECA MECANICA TIPO A|3.62|UN|432.18|5102|40|0.00|12.00|0.00|0.00|0.00|0.00|0.00|0.00|0.00|
|C170|3|PROD008|CONJUNTO MONTADO H|19.75|UN|23509.01|5102|51|22686.89|12.00|2722.43|0.00|0.00|0.00|0.00|0.00|0.00|
|C100|1|0|11223344000166|55|00|000000291|000|13022024|14022024|14266.71|2101.83|252.22|0.00|0.00|0.00|0.00|0.00|0.00|0.00|0|33366699000100|
|C170|1|PROD007|PARTE SOBRESSALENTE G|48.59|UN|7728.73|5102|30|0.00|12.00|0.00|0.00|0.00|0.00|0.00|0.00|0.00|
|C170|2|PROD001|PECA MECANICA TIPO A|41.39|UN|4404.92|5102|50|0.00|12.00|0.00|0.00|0.00|0.00|0.00|0.00|0.00|
|C170|3|PROD001|PECA MECANICA TIPO A|31.96|UN|2133.06|5102|00|2101.83|12.00|252.22|0.00|0.00|0.00|0.00|0.00|0.00|
|C100|1|0|11223344000166|55|00|000000292|000|21022024|22022024|1447.66|1329.28|159.51|0.00|0.00|0.00|0.00|0.00|0.00|0.00|0|33366699000100|
|C170|1|PROD005|INSUMO INDUSTRIAL E|37.48|UN|1447.66|5403|00|1329.28|12.00|159.51|0.00|0.00|0.00|0.00|0.00|0.00|
|C100|1|0|11223344000166|55|00|000000293|000|15022024|18022024|3705.20|1325.28|159.03|0.00|0.00|0.00|0.00|0.00|0.00|0.00|0|55512312300010|
|C170|1|PROD002|COMPONENTE ELETRICO B|25.82|UN|1360.45|5401|20|1325.28|12.00|159.03|0.00|0.00|0.00|0.00|0.00|0.00|
|C170|2|PROD001|PECA MECANICA TIPO A|42.69|UN|2344.75|5401|40|0.00|12.00|0.00|0.00|0.00|0.00|0.00|0.00|0.00|
|C100|1|0|11223344000166|55|00|000000294|000|01022024|01022024|19053.09|0.00|0.00|0.00|0.00|0.00|0.00|0.00|0.00|0.00|0|77788899000177|
|C170|1|PROD006|EMBALAGEM PADRAO F|40.46|UN|324.51|5403|70|0.00|12.00|0.00|0.00|0.00|0.00|0.00|0.00|0.00|
|C170|2|PROD008|CONJUNTO MONTADO H|14.31|UN|18728.58|5403|60|0.00|12.00|0.00|0.00|0.00|0.00|0.00|0.00|0.00|
|C100|1|0|11223344000166|55|00|000000295|000|07022024|10022024|14735.10|8665.90|1039.91|0.00|0.00|0.00|0.00|0.00|0.00|0.00|0|77788899000177|
|C170|1|PROD007|PARTE SOBRESSALENTE G|37.98|UN|4361.74|5101|20|4011.95|12.00|481.43|0.00|0.00|0.00|0.00|0.00|0.00|
|C170|2|PROD001|PECA MECANICA TIPO A|27.95|UN|3018.04|5101|00|2893.46|12.00|347.22|0.00|0.00|0.00|0.00|0.00|0.00|
|C170|3|PROD002|COMPONENTE ELETRICO B|39.68|UN|1748.30|5101|00|1565.85|12.00|187.90|0.00|0.00|0.00|0.00|0.00|0.00|
|C170|4|PROD003|MATERIAL BRUTO C|23.73|UN|5405.18|5101|41|0.00|12.00|0.00|0.00|0.00|0.00|0.00|0.00|0.00|
|C170|5|PROD005|INSUMO INDUSTRIAL E|12.62|UN|201.84|5101|10|194.64|12.00|23.36|0.00|0.00|0.00|0.00|0.00|0.00|
|C100|1|0|11223344000166|55|00|000000296|000|26022024|28022024|663.62|604.60|72.55|0.00|0.00|0.00|0.00|0.00|0.00|0.00|0|55512312300010|
|C170|1|PROD005|INSUMO INDUSTRIAL E|23.65|UN|663.62|5403|51|604.60|12.00|72.55|0.00|0.00|0.00|0.00|0.00|0.00|
|C100|1|0|11223344000166|55|00|000000297|000|03022024|03022024|32023.11|30708.25|3684.99|0.00|0.00|0.00|0.00|0.00|0.00|0.00|0|33366699000100|
|C170|1|PROD001|PECA MECANICA TIPO A|8.42|UN|810.22|5401|00|797.49|12.00|95.70|0.00|0.00|0.00|0.00|0.00|0.00|
|C170|2|PROD008|CONJUNTO MONTADO H|38.72|UN|31088.56|5401|00|29863.06|12.00|3583.57|0.00|0.00|0.00|0.00|0.00|0.00|
|C170|3|PROD006|EMBALAGEM PADRAO F|9.20|UN|74.87|5401|50|0.00|12.00|0.00|0.00|0.00|0.00|0.00|0.00|0.00|
|C170|4|PROD005|INSUMO INDUSTRIAL E|1.22|UN|49.46|5401|00|47.70|12.00|5.72|0.00|0.00|0.00|0.00|0.00|0.00|
|C100|1|0|11223344000166|55|00|000000298|000|05022024|05022024|42784.54|39033.62|4684.03|0.00|0.00|0.00|0.00|0.00|0.00|0.00|0|22244466000133|
|C170|1|PROD004|PRODUTO ACABADO D|24.66|UN|13128.17|6101|20|11572.10|12.00|1388.65|0.00|0.00|0.00|0.00|0.00|0.00|
|C170|2|PROD002|COMPONENTE ELETRICO B|41.03|UN|3465.80|6101|90|3071.91|12.00|368.63|0.00|0.00|0.00|0.00|0.00|0.00|
|C170|3|PROD006|EMBALAGEM PADRAO F|31.58|UN|317.36|6101|00|284.12|12.00|34.09|0.00|0.00|0.00|0.00|0.00|0.00|
|C170|4|PROD004|PRODUTO ACABADO D|47.81|UN|25873.21|6101|00|24105.49|12.00|2892.66|0.00|0.00|0.00|0.00|0.00|0.00|
|C100|1|0|11223344000166|55|00|000000299|000|15022024|17022024|59346.88|39781.41|4773.77|0.00|0.00|0.00|0.00|0.00|0.00|0.00|0|99900011000155|
|C170|1|PROD008|CONJUNTO MONTADO H|10.41|UN|13304.47|5101|41|0.00|12.00|0.00|0.00|0.00|0.00|0.00|0.00|0.00|
|C170|2|PROD001|PECA MECANICA TIPO A|43.83|UN|2304.86|5101|00|2107.59|12.00|252.91|0.00|0.00|0.00|0.00|0.00|0.00|
|C170|3|PROD008|CONJUNTO MONTADO H|41.94|UN|43737.55|5101|00|37673.82|12.00|4520.86|0.00|0.00|0.00|0.00|0.00|0.00|
|C100|1|0|11223344000166|55|00|000000300|000|22022024|23022024|1468.33|0.00|0.00|0.00|0.00|0.00|0.00|0.00|0.00|0.00|0|99900011000155|
|C170|1|PROD002|COMPONENTE ELETRICO B|37.32|UN|1468.33|5403|40|0.00|12.00|0.00|0.00|0.00|0.00|0.00|0.00|0.00|
|C100|1|0|11223344000166|55|00|000000301|000|03022024|04022024|2538.01|2402.81|288.34|0.00|0.00|0.00|0.00|0.00|0.00|0.00|0|99900011000155|
|C170|1|PROD003|MATERIAL BRUTO C|10.57|UN|2538.01|5403|10|2402.81|12.00|288.34|0.00|0.00|0.00|0.00|0.00|0.00|
|C100|1|0|11223344000166|55|00|000000302|000|25022024|26022024|44311.85|36298.69|4355.84|0.00|0.00|0.00|0.00|0.00|0.00|0.00|0|22244466000133|
|C170|1|PROD001|PECA MECANICA TIPO A|25.34|UN|3018.86|6101|41|0.00|12.00|0.00|0.00|0.00|0.00|0.00|0.00|0.00|
|C170|2|PROD001|PECA MECANICA TIPO A|14.43|UN|1247.76|6101|00|1143.08|12.00|137.17|0.00|0.00|0.00|0.00|0.00|0.00|
|C170|3|PROD008|CONJUNTO MONTADO H|30.05|UN|40045.23|6101|20|35155.61|12.00|4218.67|0.00|0.00|0.00|0.00|0.00|0.00|
|C100|1|0|11223344000166|55|00|000000303|000|15022024|15022024|21832.89|16765.06|2011.82|0.00|0.00|0.00|0.00|0.00|0.00|0.00|0|77788899000177|
|C170|1|PROD002|COMPONENTE ELETRICO B|31.18|UN|1592.15|5101|00|1381.96|12.00|165.84|0.00|0.00|0.00|0.00|0.00|0.00|
|C170|2|PROD006|EMBALAGEM PADRAO F|46.52|UN|456.81|5101|40|0.00|12.00|0.00|0.00|0.00|0.00|0.00|0.00|0.00|
|C170|3|PROD004|PRODUTO ACABADO D|16.64|UN|15246.15|5101|00|14222.22|12.00|1706.67|0.00|0.00|0.00|0.00|0.00|0.00|
|C170|4|PROD005|INSUMO INDUSTRIAL E|45.56|UN|1195.60|5101|00|1160.88|12.00|139.31|0.00|0.00|0.00|0.00|0.00|0.00|
|C170|5|PROD004|PRODUTO ACABADO D|6.38|UN|3342.18|5101|50|0.00|12.00|0.00|0.00|0.00|0.00|0.00|0.00|0.00|
|C100|1|0|11223344000166|55|00|000000304|000|13022024|13022024|40187.74|35911.63|4309.40|0.00|0.00|0.00|0.00|0.00|0.00|0.00|0|22244466000133|
|C170|1|PROD002|COMPONENTE ELETRICO B|21.97|UN|1728.40|5102|10|1677.33|12.00|201.28|0.00|0.00|0.00|0.00|0.00|0.00|
|C170|2|PROD002|COMPONENTE ELETRICO B|35.77|UN|1582.42|5102|10|1383.57|12.00|166.03|0.00|0.00|0.00|0.00|0.00|0.00|
|C170|3|PROD008|CONJUNTO MONTADO H|32.02|UN|36876.92|5102|00|32850.73|12.00|3942.09|0.00|0.00|0.00|0.00|0.00|0.00|
|C100|1|0|11223344000166|55|00|000000305|000|12022024|13022024|18888.98|17853.74|2142.44|0.00|0.00|0.00|0.00|0.00|0.00|0.00|0|22244466000133|
|C170|1|PROD004|PRODUTO ACABADO D|14.84|UN|14344.70|6101|00|14122.12|12.00|1694.65|0.00|0.00|0.00|0.00|0.00|0.00|
|C170|2|PROD006|EMBALAGEM PADRAO F|9.23|UN|108.52|6101|40|0.00|12.00|0.00|0.00|0.00|0.00|0.00|0.00|0.00|
|C170|3|PROD006|EMBALAGEM PADRAO F|41.68|UN|260.92|6101|40|0.00|12.00|0.00|0.00|0.00|0.00|0.00|0.00|0.00|
|C170|4|PROD002|COMPONENTE ELETRICO B|36.84|UN|2471.76|6101|10|2253.17|12.00|270.38|0.00|0.00|0.00|0.00|0.00|0.00|
|C170|5|PROD001|PECA MECANICA TIPO A|33.67|UN|1703.08|6101|20|1478.45|12.00|177.41|0.00|0.00|0.00|0.00|0.00|0.00|
|C100|1|0|11223344000166|55|00|000000306|000|13022024|15022024|81991.04|32015.24|3841.83|0.00|0.00|0.00|0.00|0.00|0.00|0.00|0|55512312300010|
|C170|1|PROD008|CONJUNTO MONTADO H|12.65|UN|12084.77|5401|40|0.00|12.00|0.00|0.00|0.00|0.00|0.00|0.00|0.00|
|C170|2|PROD004|PRODUTO ACABADO D|40.27|UN|30650.89|5401|00|30458.13|12.00|3654.98|0.00|0.00|0.00|0.00|0.00|0.00|
|C170|3|PROD001|PECA MECANICA TIPO A|34.01|UN|1822.33|5401|10|1557.11|12.00|186.85|0.00|0.00|0.00|0.00|0.00|0.00|
|C170|4|PROD003|MATERIAL BRUTO C|21.75|UN|6580.42|5401|41|0.00|12.00|0.00|0.00|0.00|0.00|0.00|0.00|0.00|
|C170|5|PROD008|CONJUNTO MONTADO H|24.52|UN|30852.63|5401|40|0.00|12.00|0.00|0.00|0.00|0.00|0.00|0.00|0.00|
|C100|1|0|11223344000166|55|00|000000307|000|14022024|14022024|34478.23|31967.39|3836.09|0.00|0.00|0.00|0.00|0.00|0.00|0.00|0|77788899000177|
|C170|1|PROD007|PARTE SOBRESSALENTE G|45.31|UN|5165.80|5101|00|4862.75|12.00|583.53|0.00|0.00|0.00|0.00|0.00|0.00|
|C170|2|PROD006|EMBALAGEM PADRAO F|44.88|UN|379.64|5101|00|376.59|12.00|45.19|0.00|0.00|0.00|0.00|0.00|0.00|
|C170|3|PROD007|PARTE SOBRESSALENTE G|12.95|UN|1641.68|5101|70|0.00|12.00|0.00|0.00|0.00|0.00|0.00|0.00|0.00|
|C170|4|PROD005|INSUMO INDUSTRIAL E|1.66|UN|55.28|5101|40|0.00|12.00|0.00|0.00|0.00|0.00|0.00|0.00|0.00|
|C170|5|PROD008|CONJUNTO MONTADO H|25.48|UN|27235.83|5101|00|26728.05|12.00|3207.37|0.00|0.00|0.00|0.00|0.00|0.00|
|C100|1|0|11223344000166|55|00|000000308|000|04022024|07022024|428.16|369.80|44.38|0.00|0.00|0.00|0.00|0.00|0.00|0.00|0|99900011000155|
|C170|1|PROD006|EMBALAGEM PADRAO F|38.23|UN|428.16|5102|20|369.80|12.00|44.38|0.00|0.00|0.00|0.00|0.00|0.00|
|C100|1|0|11223344000166|55|00|000000309|000|02022024|02022024|25950.36|549.10|65.89|0.00|0.00|0.00|0.00|0.00|0.00|0.00|0|99900011000155|
|C170|1|PROD002|COMPONENTE ELETRICO B|2.56|UN|163.29|5401|10|149.82|12.00|17.98|0.00|0.00|0.00|0.00|0.00|0.00|
|C170|2|PROD003|MATERIAL BRUTO C|4.94|UN|1659.40|5401|60|0.00|12.00|0.00|0.00|0.00|0.00|0.00|0.00|0.00|
|C170|3|PROD003|MATERIAL BRUTO C|1.49|UN|444.07|5401|10|399.28|12.00|47.91|0.00|0.00|0.00|0.00|0.00|0.00|
|C170|4|PROD008|CONJUNTO MONTADO H|33.36|UN|23683.60|5401|60|0.00|12.00|0.00|0.00|0.00|0.00|0.00|0.00|0.00|
|C100|1|0|11223344000166|55|00|000000310|000|15022024|15022024|11363.47|6839.39|820.73|0.00|0.00|0.00|0.00|0.00|0.00|0.00|0|99900011000155|
|C170|1|PROD008|CONJUNTO MONTADO H|8.08|UN|6399.00|5101|10|5693.31|12.00|683.20|0.00|0.00|0.00|0.00|0.00|0.00|
|C170|2|PROD005|INSUMO INDUSTRIAL E|40.33|UN|1308.81|5101|00|1146.08|12.00|137.53|0.00|0.00|0.00|0.00|0.00|0.00|
|C170|3|PROD007|PARTE SOBRESSALENTE G|38.92|UN|3655.66|5101|41|0.00|12.00|0.00|0.00|0.00|0.00|0.00|0.00|0.00|
|C100|1|0|11223344000166|55|00|000000311|000|22022024|24022024|1706.12|1627.39|195.29|0.00|0.00|0.00|0.00|0.00|0.00|0.00|0|77788899000177|
|C170|1|PROD002|COMPONENTE ELETRICO B|26.25|UN|1706.12|5102|00|1627.39|12.00|195.29|0.00|0.00|0.00|0.00|0.00|0.00|
|C100|1|0|11223344000166|55|00|000000312|000|13022024|13022024|35339.24|32236.69|3868.40|0.00|0.00|0.00|0.00|0.00|0.00|0.00|0|77788899000177|
|C170|1|PROD002|COMPONENTE ELETRICO B|21.70|UN|1343.11|5102|60|0.00|12.00|0.00|0.00|0.00|0.00|0.00|0.00|0.00|
|C170|2|PROD004|PRODUTO ACABADO D|41.29|UN|33996.13|5102|20|32236.69|12.00|3868.40|0.00|0.00|0.00|0.00|0.00|0.00|
|C100|1|0|11223344000166|55|00|000000313|000|16022024|17022024|4166.06|3280.60|393.67|0.00|0.00|0.00|0.00|0.00|0.00|0.00|0|33366699000100|
|C170|1|PROD006|EMBALAGEM PADRAO F|45.56|UN|457.88|5101|00|439.21|12.00|52.71|0.00|0.00|0.00|0.00|0.00|0.00|
|C170|2|PROD005|INSUMO INDUSTRIAL E|28.36|UN|746.49|5101|10|693.60|12.00|83.23|0.00|0.00|0.00|0.00|0.00|0.00|
|C170|3|PROD001|PECA MECANICA TIPO A|17.64|UN|2100.69|5101|00|1986.60|12.00|238.39|0.00|0.00|0.00|0.00|0.00|0.00|
|C170|4|PROD001|PECA MECANICA TIPO A|10.37|UN|694.34|5101|40|0.00|12.00|0.00|0.00|0.00|0.00|0.00|0.00|0.00|
|C170|5|PROD006|EMBALAGEM PADRAO F|23.54|UN|166.66|5101|20|161.19|12.00|19.34|0.00|0.00|0.00|0.00|0.00|0.00|
|C100|1|0|11223344000166|55|00|000000314|000|17022024|17022024|1151.37|1025.13|123.02|0.00|0.00|0.00|0.00|0.00|0.00|0.00|0|55512312300010|
|C170|1|PROD006|EMBALAGEM PADRAO F|5.09|UN|39.41|5102|20|39.38|12.00|4.73|0.00|0.00|0.00|0.00|0.00|0.00|
|C170|2|PROD004|PRODUTO ACABADO D|2.18|UN|1111.96|5102|00|985.75|12.00|118.29|0.00|0.00|0.00|0.00|0.00|0.00|
|C100|1|0|11223344000166|55|00|000000315|000|04022024|04022024|5002.94|0.00|0.00|0.00|0.00|0.00|0.00|0.00|0.00|0.00|0|33366699000100|
|C170|1|PROD007|PARTE SOBRESSALENTE G|38.84|UN|4835.84|5403|60|0.00|12.00|0.00|0.00|0.00|0.00|0.00|0.00|0.00|
|C170|2|PROD006|EMBALAGEM PADRAO F|15.10|UN|167.10|5403|40|0.00|12.00|0.00|0.00|0.00|0.00|0.00|0.00|0.00|
|C100|1|0|11223344000166|55|00|000000316|000|21022024|22022024|6178.13|5301.53|636.18|0.00|0.00|0.00|0.00|0.00|0.00|0.00|0|22244466000133|
|C170|1|PROD003|MATERIAL BRUTO C|1.63|UN|390.90|5403|40|0.00|12.00|0.00|0.00|0.00|0.00|0.00|0.00|0.00|
|C170|2|PROD007|PARTE SOBRESSALENTE G|40.54|UN|5787.23|5403|00|5301.53|12.00|636.18|0.00|0.00|0.00|0.00|0.00|0.00|
|C100|1|0|11223344000166|55|00|000000317|000|06022024|07022024|36962.02|30347.07|3641.66|0.00|0.00|0.00|0.00|0.00|0.00|0.00|0|77788899000177|
|C170|1|PROD005|INSUMO INDUSTRIAL E|7.37|UN|230.85|5403|40|0.00|12.00|0.00|0.00|0.00|0.00|0.00|0.00|0.00|
|C170|2|PROD008|CONJUNTO MONTADO H|1.80|UN|2158.39|5403|10|2108.80|12.00|253.06|0.00|0.00|0.00|0.00|0.00|0.00|
|C170|3|PROD004|PRODUTO ACABADO D|4.42|UN|3859.97|5403|40|0.00|12.00|0.00|0.00|0.00|0.00|0.00|0.00|0.00|
|C170|4|PROD006|EMBALAGEM PADRAO F|30.66|UN|335.46|5403|00|285.71|12.00|34.29|0.00|0.00|0.00|0.00|0.00|0.00|
|C170|5|PROD004|PRODUTO ACABADO D|39.14|UN|30377.35|5403|10|27952.56|12.00|3354.31|0.00|0.00|0.00|0.00|0.00|0.00|
|C100|1|0|11223344000166|55|00|000000318|000|19022024|21022024|6894.14|1045.83|125.50|0.00|0.00|0.00|0.00|0.00|0.00|0.00|0|99900011000155|
|C170|1|PROD003|MATERIAL BRUTO C|26.67|UN|5700.55|6102|50|0.00|12.00|0.00|0.00|0.00|0.00|0.00|0.00|0.00|
|C170|2|PROD006|EMBALAGEM PADRAO F|4.14|UN|46.07|6102|00|40.27|12.00|4.83|0.00|0.00|0.00|0.00|0.00|0.00|
|C170|3|PROD005|INSUMO INDUSTRIAL E|30.07|UN|1088.12|6102|00|953.25|12.00|114.39|0.00|0.00|0.00|0.00|0.00|0.00|
|C170|4|PROD006|EMBALAGEM PADRAO F|9.17|UN|59.40|6102|00|52.31|12.00|6.28|0.00|0.00|0.00|0.00|0.00|0.00|
|C100|1|0|11223344000166|55|00|000000319|000|03022024|04022024|29493.45|0.00|0.00|0.00|0.00|0.00|0.00|0.00|0.00|0.00|0|77788899000177|
|C170|1|PROD008|CONJUNTO MONTADO H|32.68|UN|29493.45|5102|60|0.00|12.00|0.00|0.00|0.00|0.00|0.00|0.00|0.00|
|C100|1|0|11223344000166|55|00|000000320|000|11022024|14022024|1559.55|1435.68|172.28|0.00|0.00|0.00|0.00|0.00|0.00|0.00|0|99900011000155|
|C170|1|PROD001|PECA MECANICA TIPO A|10.74|UN|538.24|5101|10|498.17|12.00|59.78|0.00|0.00|0.00|0.00|0.00|0.00|
|C170|2|PROD002|COMPONENTE ELETRICO B|32.47|UN|1021.31|5101|00|937.51|12.00|112.50|0.00|0.00|0.00|0.00|0.00|0.00|
|C100|1|0|11223344000166|55|00|000000321|000|02022024|02022024|11124.28|2883.02|345.96|0.00|0.00|0.00|0.00|0.00|0.00|0.00|0|77788899000177|
|C170|1|PROD003|MATERIAL BRUTO C|11.38|UN|3149.90|6102|20|2883.02|12.00|345.96|0.00|0.00|0.00|0.00|0.00|0.00|
|C170|2|PROD004|PRODUTO ACABADO D|8.94|UN|7974.38|6102|41|0.00|12.00|0.00|0.00|0.00|0.00|0.00|0.00|0.00|
|C100|1|0|11223344000166|55|00|000000322|000|08022024|11022024|6494.05|595.81|71.50|0.00|0.00|0.00|0.00|0.00|0.00|0.00|0|33366699000100|
|C170|1|PROD002|COMPONENTE ELETRICO B|12.17|UN|600.88|5401|20|595.81|12.00|71.50|0.00|0.00|0.00|0.00|0.00|0.00|
|C170|2|PROD007|PARTE SOBRESSALENTE G|21.27|UN|1725.98|5401|40|0.00|12.00|0.00|0.00|0.00|0.00|0.00|0.00|0.00|
|C170|3|PROD001|PECA MECANICA TIPO A|49.43|UN|4167.19|5401|41|0.00|12.00|0.00|0.00|0.00|0.00|0.00|0.00|0.00|
|C100|1|0|11223344000166|55|00|000000323|000|11022024|12022024|8178.85|6357.23|762.87|0.00|0.00|0.00|0.00|0.00|0.00|0.00|0|77788899000177|
|C170|1|PROD005|INSUMO INDUSTRIAL E|24.80|UN|887.95|5403|30|0.00|12.00|0.00|0.00|0.00|0.00|0.00|0.00|0.00|
|C170|2|PROD008|CONJUNTO MONTADO H|5.34|UN|7290.90|5403|00|6357.23|12.00|762.87|0.00|0.00|0.00|0.00|0.00|0.00|
|C100|1|0|11223344000166|55|00|000000324|000|08022024|11022024|10716.09|7068.29|848.20|0.00|0.00|0.00|0.00|0.00|0.00|0.00|0|55512312300010|
|C170|1|PROD005|INSUMO INDUSTRIAL E|41.96|UN|662.19|5401|00|615.32|12.00|73.84|0.00|0.00|0.00|0.00|0.00|0.00|
|C170|2|PROD003|MATERIAL BRUTO C|24.11|UN|6851.42|5401|00|6452.97|12.00|774.36|0.00|0.00|0.00|0.00|0.00|0.00|
|C170|3|PROD007|PARTE SOBRESSALENTE G|12.81|UN|1824.74|5401|40|0.00|12.00|0.00|0.00|0.00|0.00|0.00|0.00|0.00|
|C170|4|PROD002|COMPONENTE ELETRICO B|23.64|UN|1377.74|5401|40|0.00|12.00|0.00|0.00|0.00|0.00|0.00|0.00|0.00|
|C100|1|0|11223344000166|55|00|000000325|000|18022024|20022024|48825.03|42246.60|5069.60|0.00|0.00|0.00|0.00|0.00|0.00|0.00|0|77788899000177|
|C170|1|PROD006|EMBALAGEM PADRAO F|33.98|UN|289.20|5101|00|269.47|12.00|32.34|0.00|0.00|0.00|0.00|0.00|0.00|
|C170|2|PROD005|INSUMO INDUSTRIAL E|17.45|UN|294.14|5101|41|0.00|12.00|0.00|0.00|0.00|0.00|0.00|0.00|0.00|
|C170|3|PROD007|PARTE SOBRESSALENTE G|3.39|UN|349.41|5101|00|310.99|12.00|37.32|0.00|0.00|0.00|0.00|0.00|0.00|
|C170|4|PROD008|CONJUNTO MONTADO H|28.16|UN|36436.85|5101|10|31479.38|12.00|3777.53|0.00|0.00|0.00|0.00|0.00|0.00|
|C170|5|PROD003|MATERIAL BRUTO C|45.32|UN|11455.43|5101|51|10186.76|12.00|1222.41|0.00|0.00|0.00|0.00|0.00|0.00|
|C100|1|0|11223344000166|55|00|000000326|000|27022024|27022024|3045.44|1016.29|121.95|0.00|0.00|0.00|0.00|0.00|0.00|0.00|0|22244466000133|
|C170|1|PROD008|CONJUNTO MONTADO H|1.73|UN|1955.15|5102|40|0.00|12.00|0.00|0.00|0.00|0.00|0.00|0.00|0.00|
|C170|2|PROD005|INSUMO INDUSTRIAL E|36.59|UN|1090.29|5102|51|1016.29|12.00|121.95|0.00|0.00|0.00|0.00|0.00|0.00|
|C100|1|0|11223344000166|55|00|000000327|000|06022024|07022024|4264.27|3891.86|467.03|0.00|0.00|0.00|0.00|0.00|0.00|0.00|0|33366699000100|
|C170|1|PROD005|INSUMO INDUSTRIAL E|4.39|UN|133.90|6102|40|0.00|12.00|0.00|0.00|0.00|0.00|0.00|0.00|0.00|
|C170|2|PROD001|PECA MECANICA TIPO A|45.36|UN|4020.61|6102|00|3796.15|12.00|455.54|0.00|0.00|0.00|0.00|0.00|0.00|
|C170|3|PROD006|EMBALAGEM PADRAO F|11.00|UN|109.76|6102|10|95.71|12.00|11.49|0.00|0.00|0.00|0.00|0.00|0.00|
|C100|1|0|11223344000166|55|00|000000328|000|22022024|24022024|33978.88|30959.55|3715.15|0.00|0.00|0.00|0.00|0.00|0.00|0.00|0|33366699000100|
|C170|1|PROD008|CONJUNTO MONTADO H|21.17|UN|20223.05|5403|20|18556.65|12.00|2226.80|0.00|0.00|0.00|0.00|0.00|0.00|
|C170|2|PROD003|MATERIAL BRUTO C|41.20|UN|13755.83|5403|10|12402.90|12.00|1488.35|0.00|0.00|0.00|0.00|0.00|0.00|
|C100|1|0|11223344000166|55|00|000000329|000|16022024|17022024|40215.29|35320.60|4238.47|0.00|0.00|0.00|0.00|0.00|0.00|0.00|0|55512312300010|
|C170|1|PROD008|CONJUNTO MONTADO H|30.16|UN|25031.90|5403|00|22603.67|12.00|2712.44|0.00|0.00|0.00|0.00|0.00|0.00|
|C170|2|PROD005|INSUMO INDUSTRIAL E|30.34|UN|1212.08|5403|60|0.00|12.00|0.00|0.00|0.00|0.00|0.00|0.00|0.00|
|C170|3|PROD004|PRODUTO ACABADO D|19.52|UN|13971.31|5403|10|12716.93|12.00|1526.03|0.00|0.00|0.00|0.00|0.00|0.00|
|C100|1|0|11223344000166|55|00|000000330|000|23022024|25022024|40921.20|36073.71|4328.85|0.00|0.00|0.00|0.00|0.00|0.00|0.00|0|22244466000133|
|C170|1|PROD006|EMBALAGEM PADRAO F|1.23|UN|12.54|5401|40|0.00|12.00|0.00|0.00|0.00|0.00|0.00|0.00|0.00|
|C170|2|PROD001|PECA MECANICA TIPO A|19.89|UN|1208.42|5401|30|0.00|12.00|0.00|0.00|0.00|0.00|0.00|0.00|0.00|
|C170|3|PROD006|EMBALAGEM PADRAO F|45.92|UN|247.07|5401|40|0.00|12.00|0.00|0.00|0.00|0.00|0.00|0.00|0.00|
|C170|4|PROD004|PRODUTO ACABADO D|45.70|UN|39453.17|5401|00|36073.71|12.00|4328.85|0.00|0.00|0.00|0.00|0.00|0.00|
|C100|1|0|11223344000166|55|00|000000331|000|17022024|17022024|10739.37|8474.15|1016.90|0.00|0.00|0.00|0.00|0.00|0.00|0.00|0|33366699000100|
|C170|1|PROD002|COMPONENTE ELETRICO B|37.95|UN|1967.21|5102|40|0.00|12.00|0.00|0.00|0.00|0.00|0.00|0.00|0.00|
|C170|2|PROD003|MATERIAL BRUTO C|31.73|UN|8772.16|5102|00|8474.15|12.00|1016.90|0.00|0.00|0.00|0.00|0.00|0.00|
|C100|1|0|11223344000166|55|00|000000332|000|28022024|28022024|15750.76|10238.71|1228.65|0.00|0.00|0.00|0.00|0.00|0.00|0.00|0|99900011000155|
|C170|1|PROD003|MATERIAL BRUTO C|13.85|UN|4222.03|5401|00|4219.05|12.00|506.29|0.00|0.00|0.00|0.00|0.00|0.00|
|C170|2|PROD006|EMBALAGEM PADRAO F|9.55|UN|57.40|5401|20|57.00|12.00|6.84|0.00|0.00|0.00|0.00|0.00|0.00|
|C170|3|PROD003|MATERIAL BRUTO C|21.80|UN|6387.84|5401|00|5962.66|12.00|715.52|0.00|0.00|0.00|0.00|0.00|0.00|
|C170|4|PROD006|EMBALAGEM PADRAO F|39.42|UN|230.23|5401|40|0.00|12.00|0.00|0.00|0.00|0.00|0.00|0.00|0.00|
|C170|5|PROD007|PARTE SOBRESSALENTE G|37.35|UN|4853.26|5401|50|0.00|12.00|0.00|0.00|0.00|0.00|0.00|0.00|0.00|
|C100|1|0|11223344000166|55|00|000000333|000|18022024|21022024|4135.58|3296.18|395.55|0.00|0.00|0.00|0.00|0.00|0.00|0.00|0|55512312300010|
|C170|1|PROD005|INSUMO INDUSTRIAL E|20.92|UN|496.27|5403|40|0.00|12.00|0.00|0.00|0.00|0.00|0.00|0.00|0.00|
|C170|2|PROD002|COMPONENTE ELETRICO B|21.18|UN|1067.72|5403|00|1049.96|12.00|126.00|0.00|0.00|0.00|0.00|0.00|0.00|
|C170|3|PROD007|PARTE SOBRESSALENTE G|20.47|UN|2373.85|5403|20|2246.22|12.00|269.55|0.00|0.00|0.00|0.00|0.00|0.00|
|C170|4|PROD006|EMBALAGEM PADRAO F|26.94|UN|197.74|5403|40|0.00|12.00|0.00|0.00|0.00|0.00|0.00|0.00|0.00|
|C100|1|0|11223344000166|55|00|000000334|000|29022024|29022024|41023.27|34771.54|4172.59|0.00|0.00|0.00|0.00|0.00|0.00|0.00|0|55512312300010|
|C170|1|PROD008|CONJUNTO MONTADO H|36.86|UN|26267.93|6101|20|23185.33|12.00|2782.24|0.00|0.00|0.00|0.00|0.00|0.00|
|C170|2|PROD006|EMBALAGEM PADRAO F|31.85|UN|346.18|6101|00|317.35|12.00|38.08|0.00|0.00|0.00|0.00|0.00|0.00|
|C170|3|PROD003|MATERIAL BRUTO C|35.72|UN|11256.13|6101|20|9925.15|12.00|1191.02|0.00|0.00|0.00|0.00|0.00|0.00|
|C170|4|PROD005|INSUMO INDUSTRIAL E|41.88|UN|1472.50|6101|00|1343.71|12.00|161.25|0.00|0.00|0.00|0.00|0.00|0.00|
|C170|5|PROD001|PECA MECANICA TIPO A|17.50|UN|1680.53|6101|40|0.00|12.00|0.00|0.00|0.00|0.00|0.00|0.00|0.00|
|C100|1|0|11223344000166|55|00|000000335|000|10022024|10022024|1714.48|169.92|20.39|0.00|0.00|0.00|0.00|0.00|0.00|0.00|0|22244466000133|
|C170|1|PROD002|COMPONENTE ELETRICO B|33.95|UN|1307.30|5403|50|0.00|12.00|0.00|0.00|0.00|0.00|0.00|0.00|0.00|
|C170|2|PROD006|EMBALAGEM PADRAO F|2.42|UN|17.27|5403|90|17.24|12.00|2.07|0.00|0.00|0.00|0.00|0.00|0.00|
|C170|3|PROD006|EMBALAGEM PADRAO F|16.77|UN|156.33|5403|00|152.68|12.00|18.32|0.00|0.00|0.00|0.00|0.00|0.00|
|C170|4|PROD002|COMPONENTE ELETRICO B|5.37|UN|233.58|5403|41|0.00|12.00|0.00|0.00|0.00|0.00|0.00|0.00|0.00|
|C100|1|0|11223344000166|55|00|000000336|000|11022024|11022024|2687.04|2360.50|283.26|0.00|0.00|0.00|0.00|0.00|0.00|0.00|0|33366699000100|
|C170|1|PROD002|COMPONENTE ELETRICO B|14.99|UN|1013.08|6102|00|873.55|12.00|104.83|0.00|0.00|0.00|0.00|0.00|0.00|
|C170|2|PROD007|PARTE SOBRESSALENTE G|18.22|UN|1673.96|6102|51|1486.95|12.00|178.43|0.00|0.00|0.00|0.00|0.00|0.00|
|C100|1|0|11223344000166|55|00|000000337|000|24022024|24022024|3213.75|0.00|0.00|0.00|0.00|0.00|0.00|0.00|0.00|0.00|0|33366699000100|
|C170|1|PROD003|MATERIAL BRUTO C|8.26|UN|1728.12|5401|30|0.00|12.00|0.00|0.00|0.00|0.00|0.00|0.00|0.00|
|C170|2|PROD005|INSUMO INDUSTRIAL E|36.62|UN|1485.63|5401|40|0.00|12.00|0.00|0.00|0.00|0.00|0.00|0.00|0.00|
|C100|1|0|11223344000166|55|00|000000338|000|05022024|05022024|1388.16|1243.11|149.17|0.00|0.00|0.00|0.00|0.00|0.00|0.00|0|99900011000155|
|C170|1|PROD001|PECA MECANICA TIPO A|13.31|UN|1388.16|5401|10|1243.11|12.00|149.17|0.00|0.00|0.00|0.00|0.00|0.00|
|C100|1|0|11223344000166|55|00|000000339|000|25022024|26022024|7678.75|6350.86|762.10|0.00|0.00|0.00|0.00|0.00|0.00|0.00|0|99900011000155|
|C170|1|PROD002|COMPONENTE ELETRICO B|48.64|UN|4072.95|6102|20|3718.18|12.00|446.18|0.00|0.00|0.00|0.00|0.00|0.00|
|C170|2|PROD005|INSUMO INDUSTRIAL E|22.86|UN|742.20|6102|40|0.00|12.00|0.00|0.00|0.00|0.00|0.00|0.00|0.00|
|C170|3|PROD002|COMPONENTE ELETRICO B|14.48|UN|1097.07|6102|10|956.01|12.00|114.72|0.00|0.00|0.00|0.00|0.00|0.00|
|C170|4|PROD002|COMPONENTE ELETRICO B|20.39|UN|1299.26|6102|20|1267.35|12.00|152.08|0.00|0.00|0.00|0.00|0.00|0.00|
|C170|5|PROD007|PARTE SOBRESSALENTE G|3.28|UN|467.27|6102|00|409.32|12.00|49.12|0.00|0.00|0.00|0.00|0.00|0.00|
|C100|1|0|11223344000166|55|00|000000340|000|10022024|10022024|9479.94|1441.58|172.99|0.00|0.00|0.00|0.00|0.00|0.00|0.00|0|77788899000177|
|C170|1|PROD005|INSUMO INDUSTRIAL E|37.63|UN|1538.23|5403|00|1321.20|12.00|158.54|0.00|0.00|0.00|0.00|0.00|0.00|
|C170|2|PROD006|EMBALAGEM PADRAO F|18.89|UN|132.43|5403|51|120.38|12.00|14.45|0.00|0.00|0.00|0.00|0.00|0.00|
|C170|3|PROD007|PARTE SOBRESSALENTE G|31.44|UN|2753.29|5403|41|0.00|12.00|0.00|0.00|0.00|0.00|0.00|0.00|0.00|
|C170|4|PROD007|PARTE SOBRESSALENTE G|42.66|UN|5055.99|5403|50|0.00|12.00|0.00|0.00|0.00|0.00|0.00|0.00|0.00|
|C100|1|0|11223344000166|55|00|000000341|000|22022024|24022024|29094.67|25637.05|3076.45|0.00|0.00|0.00|0.00|0.00|0.00|0.00|0|99900011000155|
|C170|1|PROD004|PRODUTO ACABADO D|45.07|UN|28400.32|5101|90|25637.05|12.00|3076.45|0.00|0.00|0.00|0.00|0.00|0.00|
|C170|2|PROD001|PECA MECANICA TIPO A|6.74|UN|694.35|5101|40|0.00|12.00|0.00|0.00|0.00|0.00|0.00|0.00|0.00|
|C100|1|0|11223344000166|55|00|000000342|000|27022024|01032024|42637.73|7767.22|932.07|0.00|0.00|0.00|0.00|0.00|0.00|0.00|0|99900011000155|
|C170|1|PROD008|CONJUNTO MONTADO H|32.97|UN|32360.38|5101|50|0.00|12.00|0.00|0.00|0.00|0.00|0.00|0.00|0.00|
|C170|2|PROD007|PARTE SOBRESSALENTE G|19.04|UN|1889.71|5101|40|0.00|12.00|0.00|0.00|0.00|0.00|0.00|0.00|0.00|
|C170|3|PROD006|EMBALAGEM PADRAO F|47.69|UN|329.57|5101|40|0.00|12.00|0.00|0.00|0.00|0.00|0.00|0.00|0.00|
|C170|4|PROD003|MATERIAL BRUTO C|32.14|UN|8058.07|5101|00|7767.22|12.00|932.07|0.00|0.00|0.00|0.00|0.00|0.00|
|C100|1|0|11223344000166|55|00|000000343|000|19022024|22022024|73720.39|0.00|0.00|0.00|0.00|0.00|0.00|0.00|0.00|0.00|0|22244466000133|
|C170|1|PROD008|CONJUNTO MONTADO H|41.10|UN|46942.55|5101|40|0.00|12.00|0.00|0.00|0.00|0.00|0.00|0.00|0.00|
|C170|2|PROD002|COMPONENTE ELETRICO B|41.19|UN|2605.36|5101|40|0.00|12.00|0.00|0.00|0.00|0.00|0.00|0.00|0.00|
|C170|3|PROD003|MATERIAL BRUTO C|40.37|UN|11274.10|5101|70|0.00|12.00|0.00|0.00|0.00|0.00|0.00|0.00|0.00|
|C170|4|PROD004|PRODUTO ACABADO D|24.04|UN|12898.38|5101|41|0.00|12.00|0.00|0.00|0.00|0.00|0.00|0.00|0.00|
|C100|1|0|11223344000166|55|00|000000344|000|23022024|26022024|4204.32|1889.16|226.70|0.00|0.00|0.00|0.00|0.00|0.00|0.00|0|77788899000177|
|C170|1|PROD007|PARTE SOBRESSALENTE G|12.94|UN|1156.79|5102|40|0.00|12.00|0.00|0.00|0.00|0.00|0.00|0.00|0.00|
|C170|2|PROD002|COMPONENTE ELETRICO B|34.65|UN|1971.76|5102|00|1889.16|12.00|226.70|0.00|0.00|0.00|0.00|0.00|0.00|
|C170|3|PROD001|PECA MECANICA TIPO A|15.01|UN|1075.77|5102|60|0.00|12.00|0.00|0.00|0.00|0.00|0.00|0.00|0.00|
|C100|1|0|11223344000166|55|00|000000345|000|26022024|27022024|10589.59|9562.70|1147.52|0.00|0.00|0.00|0.00|0.00|0.00|0.00|0|99900011000155|
|C170|1|PROD007|PARTE SOBRESSALENTE G|12.71|UN|1761.02|6101|00|1622.25|12.00|194.67|0.00|0.00|0.00|0.00|0.00|0.00|
|C170|2|PROD003|MATERIAL BRUTO C|30.86|UN|8043.85|6101|90|7241.35|12.00|868.96|0.00|0.00|0.00|0.00|0.00|0.00|
|C170|3|PROD005|INSUMO INDUSTRIAL E|1.07|UN|33.94|6101|10|29.12|12.00|3.49|0.00|0.00|0.00|0.00|0.00|0.00|
|C170|4|PROD005|INSUMO INDUSTRIAL E|22.01|UN|498.02|6101|00|438.99|12.00|52.68|0.00|0.00|0.00|0.00|0.00|0.00|
|C170|5|PROD001|PECA MECANICA TIPO A|2.46|UN|252.76|6101|20|230.99|12.00|27.72|0.00|0.00|0.00|0.00|0.00|0.00|
|C100|1|0|11223344000166|55|00|000000346|000|10022024|10022024|39430.51|36214.09|4345.69|0.00|0.00|0.00|0.00|0.00|0.00|0.00|0|55512312300010|
|C170|1|PROD006|EMBALAGEM PADRAO F|11.53|UN|137.43|5403|00|133.65|12.00|16.04|0.00|0.00|0.00|0.00|0.00|0.00|
|C170|2|PROD004|PRODUTO ACABADO D|25.68|UN|20984.18|5403|00|18803.56|12.00|2256.43|0.00|0.00|0.00|0.00|0.00|0.00|
|C170|3|PROD001|PECA MECANICA TIPO A|15.55|UN|1823.62|5403|00|1758.51|12.00|211.02|0.00|0.00|0.00|0.00|0.00|0.00|
|C170|4|PROD003|MATERIAL BRUTO C|46.60|UN|15183.21|5403|10|14383.36|12.00|1726.00|0.00|0.00|0.00|0.00|0.00|0.00|
|C170|5|PROD005|INSUMO INDUSTRIAL E|36.22|UN|1302.07|5403|10|1135.01|12.00|136.20|0.00|0.00|0.00|0.00|0.00|0.00|
|C100|1|0|11223344000166|55|00|000000347|000|15022024|16022024|35978.32|29453.67|3534.45|0.00|0.00|0.00|0.00|0.00|0.00|0.00|0|77788899000177|
|C170|1|PROD007|PARTE SOBRESSALENTE G|30.43|UN|3807.22|5102|00|3670.41|12.00|440.45|0.00|0.00|0.00|0.00|0.00|0.00|
|C170|2|PROD008|CONJUNTO MONTADO H|27.18|UN|20670.66|5102|00|18799.90|12.00|2255.99|0.00|0.00|0.00|0.00|0.00|0.00|
|C170|3|PROD004|PRODUTO ACABADO D|6.27|UN|4085.94|5102|40|0.00|12.00|0.00|0.00|0.00|0.00|0.00|0.00|0.00|
|C170|4|PROD001|PECA MECANICA TIPO A|37.14|UN|3849.89|5102|00|3724.06|12.00|446.89|0.00|0.00|0.00|0.00|0.00|0.00|
|C170|5|PROD004|PRODUTO ACABADO D|7.10|UN|3564.61|5102|00|3259.30|12.00|391.12|0.00|0.00|0.00|0.00|0.00|0.00|
|C100|1|0|11223344000166|55|00|000000348|000|04022024|07022024|38547.44|33610.88|4033.31|0.00|0.00|0.00|0.00|0.00|0.00|0.00|0|22244466000133|
|C170|1|PROD004|PRODUTO ACABADO D|39.44|UN|38547.44|6101|00|33610.88|12.00|4033.31|0.00|0.00|0.00|0.00|0.00|0.00|
|C100|1|0|11223344000166|55|00|000000349|000|02022024|03022024|209.95|0.00|0.00|0.00|0.00|0.00|0.00|0.00|0.00|0.00|0|55512312300010|
|C170|1|PROD005|INSUMO INDUSTRIAL E|6.71|UN|209.95|5101|30|0.00|12.00|0.00|0.00|0.00|0.00|0.00|0.00|0.00|
|C100|1|0|11223344000166|55|00|000000350|000|04022024|07022024|128922.13|60444.23|7253.30|0.00|0.00|0.00|0.00|0.00|0.00|0.00|0|77788899000177|
|C170|1|PROD008|CONJUNTO MONTADO H|48.88|UN|62951.98|6101|00|59383.37|12.00|7126.00|0.00|0.00|0.00|0.00|0.00|0.00|
|C170|2|PROD005|INSUMO INDUSTRIAL E|31.08|UN|1168.68|6101|00|1060.86|12.00|127.30|0.00|0.00|0.00|0.00|0.00|0.00|
|C170|3|PROD008|CONJUNTO MONTADO H|48.62|UN|64801.47|6101|40|0.00|12.00|0.00|0.00|0.00|0.00|0.00|0.00|0.00|
|C100|1|0|11223344000166|55|00|000000351|000|21022024|21022024|96982.20|33101.47|3972.18|0.00|0.00|0.00|0.00|0.00|0.00|0.00|0|22244466000133|
|C170|1|PROD004|PRODUTO ACABADO D|38.33|UN|31739.92|5101|00|29982.75|12.00|3597.93|0.00|0.00|0.00|0.00|0.00|0.00|
|C170|2|PROD002|COMPONENTE ELETRICO B|9.12|UN|394.02|5101|00|353.64|12.00|42.44|0.00|0.00|0.00|0.00|0.00|0.00|
|C170|3|PROD002|COMPONENTE ELETRICO B|34.28|UN|2878.93|5101|20|2463.13|12.00|295.58|0.00|0.00|0.00|0.00|0.00|0.00|
|C170|4|PROD006|EMBALAGEM PADRAO F|31.00|UN|318.65|5101|10|301.95|12.00|36.23|0.00|0.00|0.00|0.00|0.00|0.00|
|C170|5|PROD008|CONJUNTO MONTADO H|47.52|UN|61650.68|5101|40|0.00|12.00|0.00|0.00|0.00|0.00|0.00|0.00|0.00|
|C100|1|0|11223344000166|55|00|000000352|000|15022024|16022024|20493.07|2165.86|259.90|0.00|0.00|0.00|0.00|0.00|0.00|0.00|0|99900011000155|
|C170|1|PROD005|INSUMO INDUSTRIAL E|25.32|UN|712.73|5101|40|0.00|12.00|0.00|0.00|0.00|0.00|0.00|0.00|0.00|
|C170|2|PROD003|MATERIAL BRUTO C|44.51|UN|12552.15|5101|41|0.00|12.00|0.00|0.00|0.00|0.00|0.00|0.00|0.00|
|C170|3|PROD007|PARTE SOBRESSALENTE G|24.11|UN|2294.41|5101|00|2165.86|12.00|259.90|0.00|0.00|0.00|0.00|0.00|0.00|
|C170|4|PROD007|PARTE SOBRESSALENTE G|41.04|UN|4933.78|5101|40|0.00|12.00|0.00|0.00|0.00|0.00|0.00|0.00|0.00|
|C100|1|0|11223344000166|55|00|000000353|000|01022024|01022024|25425.92|4414.30|529.72|0.00|0.00|0.00|0.00|0.00|0.00|0.00|0|77788899000177|
|C170|1|PROD002|COMPONENTE ELETRICO B|49.79|UN|2462.42|5403|10|2440.99|12.00|292.92|0.00|0.00|0.00|0.00|0.00|0.00|
|C170|2|PROD005|INSUMO INDUSTRIAL E|29.72|UN|1072.49|5403|00|986.48|12.00|118.38|0.00|0.00|0.00|0.00|0.00|0.00|
|C170|3|PROD004|PRODUTO ACABADO D|40.88|UN|20799.03|5403|40|0.00|12.00|0.00|0.00|0.00|0.00|0.00|0.00|0.00|
|C170|4|PROD005|INSUMO INDUSTRIAL E|28.80|UN|1091.98|5403|20|986.83|12.00|118.42|0.00|0.00|0.00|0.00|0.00|0.00|
|C100|1|0|11223344000166|55|00|000000354|000|07022024|07022024|39482.19|133.01|15.96|0.00|0.00|0.00|0.00|0.00|0.00|0.00|0|55512312300010|
|C170|1|PROD006|EMBALAGEM PADRAO F|27.50|UN|154.57|6102|51|133.01|12.00|15.96|0.00|0.00|0.00|0.00|0.00|0.00|
|C170|2|PROD003|MATERIAL BRUTO C|48.24|UN|9693.63|6102|41|0.00|12.00|0.00|0.00|0.00|0.00|0.00|0.00|0.00|
|C170|3|PROD008|CONJUNTO MONTADO H|34.99|UN|29633.99|6102|40|0.00|12.00|0.00|0.00|0.00|0.00|0.00|0.00|0.00|
|C100|1|0|11223344000166|55|00|000000355|000|23022024|25022024|44739.64|17766.68|2132.00|0.00|0.00|0.00|0.00|0.00|0.00|0.00|0|33366699000100|
|C170|1|PROD003|MATERIAL BRUTO C|45.71|UN|15985.73|6102|20|14836.35|12.00|1780.36|0.00|0.00|0.00|0.00|0.00|0.00|
|C170|2|PROD002|COMPONENTE ELETRICO B|11.71|UN|968.80|6102|41|0.00|12.00|0.00|0.00|0.00|0.00|0.00|0.00|0.00|
|C170|3|PROD003|MATERIAL BRUTO C|20.11|UN|4317.60|6102|30|0.00|12.00|0.00|0.00|0.00|0.00|0.00|0.00|0.00|
|C170|4|PROD001|PECA MECANICA TIPO A|48.80|UN|3078.43|6102|10|2930.33|12.00|351.64|0.00|0.00|0.00|0.00|0.00|0.00|
|C170|5|PROD008|CONJUNTO MONTADO H|26.06|UN|20389.08|6102|40|0.00|12.00|0.00|0.00|0.00|0.00|0.00|0.00|0.00|
|C100|1|0|11223344000166|55|00|000000356|000|12022024|13022024|20123.11|34.15|4.10|0.00|0.00|0.00|0.00|0.00|0.00|0.00|0|99900011000155|
|C170|1|PROD002|COMPONENTE ELETRICO B|41.52|UN|1679.70|6102|40|0.00|12.00|0.00|0.00|0.00|0.00|0.00|0.00|0.00|
|C170|2|PROD006|EMBALAGEM PADRAO F|3.54|UN|36.49|6102|00|34.15|12.00|4.10|0.00|0.00|0.00|0.00|0.00|0.00|
|C170|3|PROD004|PRODUTO ACABADO D|29.50|UN|18406.92|6102|50|0.00|12.00|0.00|0.00|0.00|0.00|0.00|0.00|0.00|
|C100|1|0|11223344000166|55|00|000000357|000|03022024|04022024|1556.67|292.01|35.04|0.00|0.00|0.00|0.00|0.00|0.00|0.00|0|55512312300010|
|C170|1|PROD006|EMBALAGEM PADRAO F|35.64|UN|305.04|6101|00|292.01|12.00|35.04|0.00|0.00|0.00|0.00|0.00|0.00|
|C170|2|PROD005|INSUMO INDUSTRIAL E|14.69|UN|610.31|6101|60|0.00|12.00|0.00|0.00|0.00|0.00|0.00|0.00|0.00|
|C170|3|PROD005|INSUMO INDUSTRIAL E|18.74|UN|641.32|6101|50|0.00|12.00|0.00|0.00|0.00|0.00|0.00|0.00|0.00|
|C100|1|0|11223344000166|55|00|000000358|000|21022024|22022024|14943.22|8414.98|1009.79|0.00|0.00|0.00|0.00|0.00|0.00|0.00|0|33366699000100|
|C170|1|PROD003|MATERIAL BRUTO C|17.36|UN|4992.57|5401|40|0.00|12.00|0.00|0.00|0.00|0.00|0.00|0.00|0.00|
|C170|2|PROD001|PECA MECANICA TIPO A|43.86|UN|4422.40|5401|51|4091.54|12.00|490.98|0.00|0.00|0.00|0.00|0.00|0.00|
|C170|3|PROD008|CONJUNTO MONTADO H|6.05|UN|4441.95|5401|00|4030.07|12.00|483.61|0.00|0.00|0.00|0.00|0.00|0.00|
|C170|4|PROD005|INSUMO INDUSTRIAL E|39.82|UN|743.12|5401|40|0.00|12.00|0.00|0.00|0.00|0.00|0.00|0.00|0.00|
|C170|5|PROD007|PARTE SOBRESSALENTE G|2.94|UN|343.18|5401|10|293.37|12.00|35.20|0.00|0.00|0.00|0.00|0.00|0.00|
|C100|1|0|11223344000166|55|00|000000359|000|06022024|08022024|168.44|149.73|17.97|0.00|0.00|0.00|0.00|0.00|0.00|0.00|0|77788899000177|
|C170|1|PROD006|EMBALAGEM PADRAO F|15.91|UN|168.44|5403|00|149.73|12.00|17.97|0.00|0.00|0.00|0.00|0.00|0.00|
|C100|1|0|11223344000166|55|00|000000360|000|05022024|07022024|843.10|0.00|0.00|0.00|0.00|0.00|0.00|0.00|0.00|0.00|0|77788899000177|
|C170|1|PROD002|COMPONENTE ELETRICO B|17.63|UN|843.10|5102|30|0.00|12.00|0.00|0.00|0.00|0.00|0.00|0.00|0.00|
|C100|1|0|11223344000166|55|00|000000361|000|29022024|02032024|1090.03|962.65|115.52|0.00|0.00|0.00|0.00|0.00|0.00|0.00|0|33366699000100|
|C170|1|PROD005|INSUMO INDUSTRIAL E|24.93|UN|487.07|5403|90|414.56|12.00|49.75|0.00|0.00|0.00|0.00|0.00|0.00|
|C170|2|PROD002|COMPONENTE ELETRICO B|18.59|UN|602.96|5403|90|548.09|12.00|65.77|0.00|0.00|0.00|0.00|0.00|0.00|
|C100|1|0|11223344000166|55|00|000000362|000|26022024|26022024|16305.69|0.00|0.00|0.00|0.00|0.00|0.00|0.00|0.00|0.00|0|33366699000100|
|C170|1|PROD007|PARTE SOBRESSALENTE G|39.69|UN|5774.10|5401|70|0.00|12.00|0.00|0.00|0.00|0.00|0.00|0.00|0.00|
|C170|2|PROD003|MATERIAL BRUTO C|40.34|UN|10531.59|5401|50|0.00|12.00|0.00|0.00|0.00|0.00|0.00|0.00|0.00|
|C100|1|0|11223344000166|55|00|000000363|000|06022024|06022024|2266.66|0.00|0.00|0.00|0.00|0.00|0.00|0.00|0.00|0.00|0|22244466000133|
|C170|1|PROD002|COMPONENTE ELETRICO B|35.41|UN|2266.66|5403|50|0.00|12.00|0.00|0.00|0.00|0.00|0.00|0.00|0.00|
|C100|1|0|11223344000166|55|00|000000364|000|20022024|21022024|27271.46|22346.33|2681.56|0.00|0.00|0.00|0.00|0.00|0.00|0.00|0|99900011000155|
|C170|1|PROD004|PRODUTO ACABADO D|3.35|UN|2231.89|5403|40|0.00|12.00|0.00|0.00|0.00|0.00|0.00|0.00|0.00|
|C170|2|PROD008|CONJUNTO MONTADO H|24.11|UN|25039.57|5403|00|22346.33|12.00|2681.56|0.00|0.00|0.00|0.00|0.00|0.00|
|C100|1|0|11223344000166|55|00|000000365|000|26022024|26022024|19390.39|17756.42|2130.77|0.00|0.00|0.00|0.00|0.00|0.00|0.00|0|99900011000155|
|C170|1|PROD003|MATERIAL BRUTO C|29.15|UN|8202.25|5101|00|7033.66|12.00|844.04|0.00|0.00|0.00|0.00|0.00|0.00|
|C170|2|PROD005|INSUMO INDUSTRIAL E|2.11|UN|80.04|5101|00|77.70|12.00|9.32|0.00|0.00|0.00|0.00|0.00|0.00|
|C170|3|PROD005|INSUMO INDUSTRIAL E|46.52|UN|1271.80|5101|00|1246.44|12.00|149.57|0.00|0.00|0.00|0.00|0.00|0.00|
|C170|4|PROD007|PARTE SOBRESSALENTE G|10.75|UN|954.42|5101|00|836.91|12.00|100.43|0.00|0.00|0.00|0.00|0.00|0.00|
|C170|5|PROD003|MATERIAL BRUTO C|43.39|UN|8881.88|5101|00|8561.71|12.00|1027.41|0.00|0.00|0.00|0.00|0.00|0.00|
|C100|1|0|11223344000166|55|00|000000366|000|21022024|23022024|1864.61|0.00|0.00|0.00|0.00|0.00|0.00|0.00|0.00|0.00|0|77788899000177|
|C170|1|PROD007|PARTE SOBRESSALENTE G|18.91|UN|1864.61|5401|40|0.00|12.00|0.00|0.00|0.00|0.00|0.00|0.00|0.00|
|C100|1|0|11223344000166|55|00|000000367|000|25022024|25022024|40255.43|12449.23|1493.91|0.00|0.00|0.00|0.00|0.00|0.00|0.00|0|33366699000100|
|C170|1|PROD003|MATERIAL BRUTO C|36.98|UN|11080.76|5101|50|0.00|12.00|0.00|0.00|0.00|0.00|0.00|0.00|0.00|
|C170|2|PROD007|PARTE SOBRESSALENTE G|21.40|UN|1765.80|5101|60|0.00|12.00|0.00|0.00|0.00|0.00|0.00|0.00|0.00|
|C170|3|PROD008|CONJUNTO MONTADO H|12.21|UN|12817.15|5101|40|0.00|12.00|0.00|0.00|0.00|0.00|0.00|0.00|0.00|
|C170|4|PROD004|PRODUTO ACABADO D|19.64|UN|14591.72|5101|10|12449.23|12.00|1493.91|0.00|0.00|0.00|0.00|0.00|0.00|
|C100|1|0|11223344000166|55|00|000000368|000|27022024|29022024|66974.50|65384.91|7846.18|0.00|0.00|0.00|0.00|0.00|0.00|0.00|0|55512312300010|
|C170|1|PROD003|MATERIAL BRUTO C|38.54|UN|8895.88|5403|90|7784.01|12.00|934.08|0.00|0.00|0.00|0.00|0.00|0.00|
|C170|2|PROD008|CONJUNTO MONTADO H|45.85|UN|57466.10|5403|10|57072.95|12.00|6848.75|0.00|0.00|0.00|0.00|0.00|0.00|
|C170|3|PROD005|INSUMO INDUSTRIAL E|18.30|UN|612.52|5403|51|527.95|12.00|63.35|0.00|0.00|0.00|0.00|0.00|0.00|
|C100|1|0|11223344000166|55|00|000000369|000|15022024|18022024|59083.33|47319.14|5678.30|0.00|0.00|0.00|0.00|0.00|0.00|0.00|0|55512312300010|
|C170|1|PROD006|EMBALAGEM PADRAO F|35.35|UN|179.57|6101|90|157.58|12.00|18.91|0.00|0.00|0.00|0.00|0.00|0.00|
|C170|2|PROD005|INSUMO INDUSTRIAL E|16.80|UN|632.52|6101|00|626.56|12.00|75.19|0.00|0.00|0.00|0.00|0.00|0.00|
|C170|3|PROD001|PECA MECANICA TIPO A|40.89|UN|2997.35|6101|00|2856.03|12.00|342.72|0.00|0.00|0.00|0.00|0.00|0.00|
|C170|4|PROD008|CONJUNTO MONTADO H|40.35|UN|46466.08|6101|00|43678.97|12.00|5241.48|0.00|0.00|0.00|0.00|0.00|0.00|
|C170|5|PROD004|PRODUTO ACABADO D|9.71|UN|8807.81|6101|41|0.00|12.00|0.00|0.00|0.00|0.00|0.00|0.00|0.00|
|C100|1|0|11223344000166|55|00|000000370|000|14022024|14022024|19490.01|295.39|35.45|0.00|0.00|0.00|0.00|0.00|0.00|0.00|0|77788899000177|
|C170|1|PROD006|EMBALAGEM PADRAO F|36.60|UN|344.41|6102|20|295.39|12.00|35.45|0.00|0.00|0.00|0.00|0.00|0.00|
|C170|2|PROD004|PRODUTO ACABADO D|18.58|UN|14791.64|6102|60|0.00|12.00|0.00|0.00|0.00|0.00|0.00|0.00|0.00|
|C170|3|PROD004|PRODUTO ACABADO D|7.27|UN|4353.96|6102|50|0.00|12.00|0.00|0.00|0.00|0.00|0.00|0.00|0.00|
|C100|1|0|11223344000166|55|00|000000371|000|08022024|08022024|2657.01|2313.95|277.67|0.00|0.00|0.00|0.00|0.00|0.00|0.00|0|99900011000155|
|C170|1|PROD002|COMPONENTE ELETRICO B|42.45|UN|2657.01|6102|51|2313.95|12.00|277.67|0.00|0.00|0.00|0.00|0.00|0.00|
|C100|1|0|11223344000166|55|00|000000372|000|17022024|20022024|5528.08|4983.98|598.08|0.00|0.00|0.00|0.00|0.00|0.00|0.00|0|55512312300010|
|C170|1|PROD004|PRODUTO ACABADO D|8.64|UN|5528.08|5101|00|4983.98|12.00|598.08|0.00|0.00|0.00|0.00|0.00|0.00|
|C100|1|0|11223344000166|55|00|000000373|000|20022024|23022024|2479.41|1714.84|205.78|0.00|0.00|0.00|0.00|0.00|0.00|0.00|0|22244466000133|
|C170|1|PROD004|PRODUTO ACABADO D|2.45|UN|1861.46|5101|00|1714.84|12.00|205.78|0.00|0.00|0.00|0.00|0.00|0.00|
|C170|2|PROD002|COMPONENTE ELETRICO B|16.84|UN|617.95|5101|40|0.00|12.00|0.00|0.00|0.00|0.00|0.00|0.00|0.00|
|C100|1|0|11223344000166|55|00|000000374|000|21022024|24022024|4607.48|4067.87|488.14|0.00|0.00|0.00|0.00|0.00|0.00|0.00|0|77788899000177|
|C170|1|PROD002|COMPONENTE ELETRICO B|44.01|UN|3395.16|6102|00|3262.95|12.00|391.55|0.00|0.00|0.00|0.00|0.00|0.00|
|C170|2|PROD002|COMPONENTE ELETRICO B|18.27|UN|864.58|6102|00|804.92|12.00|96.59|0.00|0.00|0.00|0.00|0.00|0.00|
|C170|3|PROD005|INSUMO INDUSTRIAL E|21.10|UN|347.74|6102|40|0.00|12.00|0.00|0.00|0.00|0.00|0.00|0.00|0.00|
|C100|1|0|11223344000166|55|00|000000375|000|24022024|27022024|21203.57|0.00|0.00|0.00|0.00|0.00|0.00|0.00|0.00|0.00|0|77788899000177|
|C170|1|PROD005|INSUMO INDUSTRIAL E|23.01|UN|564.94|6101|50|0.00|12.00|0.00|0.00|0.00|0.00|0.00|0.00|0.00|
|C170|2|PROD006|EMBALAGEM PADRAO F|44.84|UN|283.87|6101|40|0.00|12.00|0.00|0.00|0.00|0.00|0.00|0.00|0.00|
|C170|3|PROD004|PRODUTO ACABADO D|33.62|UN|20354.76|6101|70|0.00|12.00|0.00|0.00|0.00|0.00|0.00|0.00|0.00|
|C100|1|0|11223344000166|55|00|000000376|000|02022024|05022024|2741.09|952.58|114.31|0.00|0.00|0.00|0.00|0.00|0.00|0.00|0|77788899000177|
|C170|1|PROD007|PARTE SOBRESSALENTE G|11.52|UN|1667.81|6101|30|0.00|12.00|0.00|0.00|0.00|0.00|0.00|0.00|0.00|
|C170|2|PROD001|PECA MECANICA TIPO A|17.50|UN|1073.28|6101|00|952.58|12.00|114.31|0.00|0.00|0.00|0.00|0.00|0.00|
|C100|1|0|11223344000166|55|00|000000377|000|17022024|19022024|22146.44|1442.41|173.09|0.00|0.00|0.00|0.00|0.00|0.00|0.00|0|22244466000133|
|C170|1|PROD007|PARTE SOBRESSALENTE G|8.10|UN|891.53|5403|90|785.86|12.00|94.30|0.00|0.00|0.00|0.00|0.00|0.00|
|C170|2|PROD007|PARTE SOBRESSALENTE G|8.62|UN|771.40|5403|20|656.55|12.00|78.79|0.00|0.00|0.00|0.00|0.00|0.00|
|C170|3|PROD008|CONJUNTO MONTADO H|16.66|UN|20483.51|5403|40|0.00|12.00|0.00|0.00|0.00|0.00|0.00|0.00|0.00|
|C100|1|0|11223344000166|55|00|000000378|000|26022024|28022024|3588.60|0.00|0.00|0.00|0.00|0.00|0.00|0.00|0.00|0.00|0|33366699000100|
|C170|1|PROD001|PECA MECANICA TIPO A|31.84|UN|2976.14|5101|50|0.00|12.00|0.00|0.00|0.00|0.00|0.00|0.00|0.00|
|C170|2|PROD005|INSUMO INDUSTRIAL E|30.84|UN|612.46|5101|41|0.00|12.00|0.00|0.00|0.00|0.00|0.00|0.00|0.00|
|C100|1|0|11223344000166|55|00|000000379|000|10022024|13022024|7759.50|7009.89|841.19|0.00|0.00|0.00|0.00|0.00|0.00|0.00|0|22244466000133|
|C170|1|PROD004|PRODUTO ACABADO D|11.72|UN|7759.50|5403|00|7009.89|12.00|841.19|0.00|0.00|0.00|0.00|0.00|0.00|
|C100|1|0|11223344000166|55|00|000000380|000|05022024|08022024|25183.54|0.00|0.00|0.00|0.00|0.00|0.00|0.00|0.00|0.00|0|33366699000100|
|C170|1|PROD008|CONJUNTO MONTADO H|28.91|UN|22325.08|5401|60|0.00|12.00|0.00|0.00|0.00|0.00|0.00|0.00|0.00|
|C170|2|PROD001|PECA MECANICA TIPO A|38.18|UN|2858.46|5401|40|0.00|12.00|0.00|0.00|0.00|0.00|0.00|0.00|0.00|
|C100|1|0|11223344000166|55|00|000000381|000|04022024|04022024|24052.72|16354.86|1962.58|0.00|0.00|0.00|0.00|0.00|0.00|0.00|0|33366699000100|
|C170|1|PROD003|MATERIAL BRUTO C|15.75|UN|5192.03|5401|30|0.00|12.00|0.00|0.00|0.00|0.00|0.00|0.00|0.00|
|C170|2|PROD005|INSUMO INDUSTRIAL E|41.74|UN|1312.18|5401|10|1244.35|12.00|149.32|0.00|0.00|0.00|0.00|0.00|0.00|
|C170|3|PROD004|PRODUTO ACABADO D|25.59|UN|17548.51|5401|20|15110.51|12.00|1813.26|0.00|0.00|0.00|0.00|0.00|0.00|
|C100|1|0|11223344000166|55|00|000000382|000|28022024|02032024|26859.50|0.00|0.00|0.00|0.00|0.00|0.00|0.00|0.00|0.00|0|55512312300010|
|C170|1|PROD004|PRODUTO ACABADO D|31.03|UN|26859.50|5101|40|0.00|12.00|0.00|0.00|0.00|0.00|0.00|0.00|0.00|
|C100|1|0|11223344000166|55|00|000000383|000|01022024|04022024|49545.06|37960.03|4555.21|0.00|0.00|0.00|0.00|0.00|0.00|0.00|0|55512312300010|
|C170|1|PROD001|PECA MECANICA TIPO A|45.12|UN|3714.65|5101|41|0.00|12.00|0.00|0.00|0.00|0.00|0.00|0.00|0.00|
|C170|2|PROD007|PARTE SOBRESSALENTE G|10.10|UN|1602.54|5101|20|1450.49|12.00|174.06|0.00|0.00|0.00|0.00|0.00|0.00|
|C170|3|PROD008|CONJUNTO MONTADO H|40.21|UN|32574.52|5101|00|29057.72|12.00|3486.93|0.00|0.00|0.00|0.00|0.00|0.00|
|C170|4|PROD001|PECA MECANICA TIPO A|48.53|UN|3633.63|5101|70|0.00|12.00|0.00|0.00|0.00|0.00|0.00|0.00|0.00|
|C170|5|PROD003|MATERIAL BRUTO C|23.08|UN|8019.72|5101|10|7451.82|12.00|894.22|0.00|0.00|0.00|0.00|0.00|0.00|
|C100|1|0|11223344000166|55|00|000000384|000|19022024|19022024|2000.04|732.28|87.87|0.00|0.00|0.00|0.00|0.00|0.00|0.00|0|99900011000155|
|C170|1|PROD005|INSUMO INDUSTRIAL E|25.07|UN|621.36|5401|70|0.00|12.00|0.00|0.00|0.00|0.00|0.00|0.00|0.00|
|C170|2|PROD005|INSUMO INDUSTRIAL E|44.89|UN|815.58|5401|10|732.28|12.00|87.87|0.00|0.00|0.00|0.00|0.00|0.00|
|C170|3|PROD005|INSUMO INDUSTRIAL E|36.17|UN|563.10|5401|40|0.00|12.00|0.00|0.00|0.00|0.00|0.00|0.00|0.00|
|C100|1|0|11223344000166|55|00|000000385|000|06022024|06022024|7047.86|0.00|0.00|0.00|0.00|0.00|0.00|0.00|0.00|0.00|0|77788899000177|
|C170|1|PROD007|PARTE SOBRESSALENTE G|49.48|UN|7047.86|5102|40|0.00|12.00|0.00|0.00|0.00|0.00|0.00|0.00|0.00|
|C100|1|0|11223344000166|55|00|000000386|000|01022024|01022024|14324.92|10635.76|1276.29|0.00|0.00|0.00|0.00|0.00|0.00|0.00|0|22244466000133|
|C170|1|PROD003|MATERIAL BRUTO C|7.42|UN|2178.06|5101|41|0.00|12.00|0.00|0.00|0.00|0.00|0.00|0.00|0.00|
|C170|2|PROD008|CONJUNTO MONTADO H|7.55|UN|10073.29|5101|00|8714.27|12.00|1045.71|0.00|0.00|0.00|0.00|0.00|0.00|
|C170|3|PROD002|COMPONENTE ELETRICO B|29.83|UN|2073.57|5101|10|1921.49|12.00|230.58|0.00|0.00|0.00|0.00|0.00|0.00|
|C100|1|0|11223344000166|55|00|000000387|000|01022024|04022024|20203.58|7562.39|907.49|0.00|0.00|0.00|0.00|0.00|0.00|0.00|0|77788899000177|
|C170|1|PROD003|MATERIAL BRUTO C|32.81|UN|9501.20|5101|40|0.00|12.00|0.00|0.00|0.00|0.00|0.00|0.00|0.00|
|C170|2|PROD004|PRODUTO ACABADO D|11.70|UN|7157.76|5101|00|6695.21|12.00|803.43|0.00|0.00|0.00|0.00|0.00|0.00|
|C170|3|PROD005|INSUMO INDUSTRIAL E|44.42|UN|1552.85|5101|60|0.00|12.00|0.00|0.00|0.00|0.00|0.00|0.00|0.00|
|C170|4|PROD002|COMPONENTE ELETRICO B|18.43|UN|1032.69|5101|40|0.00|12.00|0.00|0.00|0.00|0.00|0.00|0.00|0.00|
|C170|5|PROD003|MATERIAL BRUTO C|3.58|UN|959.08|5101|00|867.18|12.00|104.06|0.00|0.00|0.00|0.00|0.00|0.00|
|C100|1|0|11223344000166|55|00|000000388|000|16022024|19022024|24884.33|24596.53|2951.58|0.00|0.00|0.00|0.00|0.00|0.00|0.00|0|22244466000133|
|C170|1|PROD008|CONJUNTO MONTADO H|21.95|UN|23533.16|6102|20|23345.91|12.00|2801.51|0.00|0.00|0.00|0.00|0.00|0.00|
|C170|2|PROD005|INSUMO INDUSTRIAL E|39.61|UN|1351.17|6102|51|1250.62|12.00|150.07|0.00|0.00|0.00|0.00|0.00|0.00|
|C100|1|0|11223344000166|55|00|000000389|000|02022024|03022024|43975.34|1660.54|199.26|0.00|0.00|0.00|0.00|0.00|0.00|0.00|0|77788899000177|
|C170|1|PROD007|PARTE SOBRESSALENTE G|34.06|UN|3495.00|6101|40|0.00|12.00|0.00|0.00|0.00|0.00|0.00|0.00|0.00|
|C170|2|PROD007|PARTE SOBRESSALENTE G|15.45|UN|1845.26|6101|10|1660.54|12.00|199.26|0.00|0.00|0.00|0.00|0.00|0.00|
|C170|3|PROD003|MATERIAL BRUTO C|38.12|UN|9924.32|6101|30|0.00|12.00|0.00|0.00|0.00|0.00|0.00|0.00|0.00|
|C170|4|PROD004|PRODUTO ACABADO D|49.92|UN|28710.76|6101|40|0.00|12.00|0.00|0.00|0.00|0.00|0.00|0.00|0.00|
|C100|1|0|11223344000166|55|00|000000390|000|03022024|03022024|50236.40|46523.49|5582.81|0.00|0.00|0.00|0.00|0.00|0.00|0.00|0|99900011000155|
|C170|1|PROD008|CONJUNTO MONTADO H|5.14|UN|5287.47|5102|00|4950.70|12.00|594.08|0.00|0.00|0.00|0.00|0.00|0.00|
|C170|2|PROD001|PECA MECANICA TIPO A|34.71|UN|2189.25|5102|20|2073.12|12.00|248.77|0.00|0.00|0.00|0.00|0.00|0.00|
|C170|3|PROD008|CONJUNTO MONTADO H|39.62|UN|40398.19|5102|10|37346.12|12.00|4481.53|0.00|0.00|0.00|0.00|0.00|0.00|
|C170|4|PROD007|PARTE SOBRESSALENTE G|17.15|UN|2240.94|5102|20|2038.16|12.00|244.58|0.00|0.00|0.00|0.00|0.00|0.00|
|C170|5|PROD005|INSUMO INDUSTRIAL E|7.02|UN|120.55|5102|20|115.39|12.00|13.85|0.00|0.00|0.00|0.00|0.00|0.00|
|C100|1|0|11223344000166|55|00|000000391|000|24022024|26022024|5216.00|5128.90|615.47|0.00|0.00|0.00|0.00|0.00|0.00|0.00|0|33366699000100|
|C170|1|PROD003|MATERIAL BRUTO C|19.50|UN|5216.00|5401|00|5128.90|12.00|615.47|0.00|0.00|0.00|0.00|0.00|0.00|
|C100|1|0|11223344000166|55|00|000000392|000|29022024|02032024|17106.79|14764.73|1771.77|0.00|0.00|0.00|0.00|0.00|0.00|0.00|0|22244466000133|
|C170|1|PROD002|COMPONENTE ELETRICO B|47.46|UN|2744.02|6101|00|2371.45|12.00|284.57|0.00|0.00|0.00|0.00|0.00|0.00|
|C170|2|PROD008|CONJUNTO MONTADO H|9.87|UN|11646.91|6101|10|10376.38|12.00|1245.17|0.00|0.00|0.00|0.00|0.00|0.00|
|C170|3|PROD001|PECA MECANICA TIPO A|14.46|UN|1175.81|6101|00|1028.72|12.00|123.45|0.00|0.00|0.00|0.00|0.00|0.00|
|C170|4|PROD002|COMPONENTE ELETRICO B|13.92|UN|1031.53|6101|00|988.18|12.00|118.58|0.00|0.00|0.00|0.00|0.00|0.00|
|C170|5|PROD005|INSUMO INDUSTRIAL E|15.93|UN|508.52|6101|40|0.00|12.00|0.00|0.00|0.00|0.00|0.00|0.00|0.00|
|C100|1|0|11223344000166|55|00|000000393|000|04022024|04022024|52026.33|43233.15|5187.98|0.00|0.00|0.00|0.00|0.00|0.00|0.00|0|77788899000177|
|C170|1|PROD008|CONJUNTO MONTADO H|36.70|UN|34826.49|5401|00|31064.30|12.00|3727.72|0.00|0.00|0.00|0.00|0.00|0.00|
|C170|2|PROD003|MATERIAL BRUTO C|11.34|UN|3346.34|5401|40|0.00|12.00|0.00|0.00|0.00|0.00|0.00|0.00|0.00|
|C170|3|PROD004|PRODUTO ACABADO D|12.65|UN|11269.15|5401|20|9746.44|12.00|1169.57|0.00|0.00|0.00|0.00|0.00|0.00|
|C170|4|PROD001|PECA MECANICA TIPO A|38.08|UN|2584.35|5401|00|2422.41|12.00|290.69|0.00|0.00|0.00|0.00|0.00|0.00|
|C100|1|0|11223344000166|55|00|000000394|000|25022024|26022024|35889.52|481.14|57.74|0.00|0.00|0.00|0.00|0.00|0.00|0.00|0|22244466000133|
|C170|1|PROD001|PECA MECANICA TIPO A|6.94|UN|453.11|5102|40|0.00|12.00|0.00|0.00|0.00|0.00|0.00|0.00|0.00|
|C170|2|PROD006|EMBALAGEM PADRAO F|43.34|UN|495.42|5102|00|481.14|12.00|57.74|0.00|0.00|0.00|0.00|0.00|0.00|
|C170|3|PROD008|CONJUNTO MONTADO H|42.09|UN|34066.22|5102|40|0.00|12.00|0.00|0.00|0.00|0.00|0.00|0.00|0.00|
|C170|4|PROD005|INSUMO INDUSTRIAL E|49.51|UN|874.77|5102|40|0.00|12.00|0.00|0.00|0.00|0.00|0.00|0.00|0.00|
|C100|1|0|11223344000166|55|00|000000395|000|12022024|12022024|30639.74|28051.11|3366.12|0.00|0.00|0.00|0.00|0.00|0.00|0.00|0|77788899000177|
|C170|1|PROD007|PARTE SOBRESSALENTE G|28.46|UN|3431.35|5101|90|3403.35|12.00|408.40|0.00|0.00|0.00|0.00|0.00|0.00|
|C170|2|PROD004|PRODUTO ACABADO D|38.07|UN|22164.33|5101|20|20471.78|12.00|2456.61|0.00|0.00|0.00|0.00|0.00|0.00|
|C170|3|PROD003|MATERIAL BRUTO C|10.79|UN|3648.76|5101|00|3343.62|12.00|401.23|0.00|0.00|0.00|0.00|0.00|0.00|
|C170|4|PROD002|COMPONENTE ELETRICO B|6.75|UN|556.55|5101|30|0.00|12.00|0.00|0.00|0.00|0.00|0.00|0.00|0.00|
|C170|5|PROD002|COMPONENTE ELETRICO B|14.12|UN|838.75|5101|10|832.36|12.00|99.88|0.00|0.00|0.00|0.00|0.00|0.00|
|C100|1|0|11223344000166|55|00|000000396|000|21022024|24022024|42133.77|0.00|0.00|0.00|0.00|0.00|0.00|0.00|0.00|0.00|0|77788899000177|
|C170|1|PROD005|INSUMO INDUSTRIAL E|23.77|UN|430.86|6102|40|0.00|12.00|0.00|0.00|0.00|0.00|0.00|0.00|0.00|
|C170|2|PROD008|CONJUNTO MONTADO H|43.85|UN|40342.44|6102|40|0.00|12.00|0.00|0.00|0.00|0.00|0.00|0.00|0.00|
|C170|3|PROD001|PECA MECANICA TIPO A|22.17|UN|1360.47|6102|60|0.00|12.00|0.00|0.00|0.00|0.00|0.00|0.00|0.00|
|C100|1|0|11223344000166|55|00|000000397|000|21022024|24022024|7930.53|7481.67|897.80|0.00|0.00|0.00|0.00|0.00|0.00|0.00|0|33366699000100|
|C170|1|PROD001|PECA MECANICA TIPO A|34.83|UN|3363.50|6101|10|3131.35|12.00|375.76|0.00|0.00|0.00|0.00|0.00|0.00|
|C170|2|PROD002|COMPONENTE ELETRICO B|41.41|UN|3137.82|6101|00|2997.48|12.00|359.70|0.00|0.00|0.00|0.00|0.00|0.00|
|C170|3|PROD001|PECA MECANICA TIPO A|14.88|UN|1429.21|6101|00|1352.84|12.00|162.34|0.00|0.00|0.00|0.00|0.00|0.00|
|C100|1|0|11223344000166|55|00|000000398|000|20022024|20022024|1501.80|1299.39|155.93|0.00|0.00|0.00|0.00|0.00|0.00|0.00|0|77788899000177|
|C170|1|PROD001|PECA MECANICA TIPO A|26.08|UN|1501.80|5403|00|1299.39|12.00|155.93|0.00|0.00|0.00|0.00|0.00|0.00|
|C100|1|0|11223344000166|55|00|000000399|000|10022024|10022024|5460.27|1823.68|218.84|0.00|0.00|0.00|0.00|0.00|0.00|0.00|0|55512312300010|
|C170|1|PROD005|INSUMO INDUSTRIAL E|15.66|UN|255.78|5401|00|245.25|12.00|29.43|0.00|0.00|0.00|0.00|0.00|0.00|
|C170|2|PROD006|EMBALAGEM PADRAO F|23.68|UN|119.13|5401|00|117.65|12.00|14.12|0.00|0.00|0.00|0.00|0.00|0.00|
|C170|3|PROD007|PARTE SOBRESSALENTE G|28.69|UN|3403.78|5401|70|0.00|12.00|0.00|0.00|0.00|0.00|0.00|0.00|0.00|
|C170|4|PROD002|COMPONENTE ELETRICO B|31.79|UN|1681.58|5401|00|1460.78|12.00|175.29|0.00|0.00|0.00|0.00|0.00|0.00|
|C100|1|0|11223344000166|55|00|000000400|000|19022024|21022024|42368.03|38526.78|4623.21|0.00|0.00|0.00|0.00|0.00|0.00|0.00|0|77788899000177|
|C170|1|PROD008|CONJUNTO MONTADO H|41.70|UN|42368.03|6101|00|38526.78|12.00|4623.21|0.00|0.00|0.00|0.00|0.00|0.00|
|C100|1|0|11223344000166|55|00|000000401|000|14022024|17022024|70974.49|223.33|26.80|0.00|0.00|0.00|0.00|0.00|0.00|0.00|0|22244466000133|
|C170|1|PROD001|PECA MECANICA TIPO A|3.49|UN|239.52|6102|10|223.33|12.00|26.80|0.00|0.00|0.00|0.00|0.00|0.00|
|C170|2|PROD004|PRODUTO ACABADO D|34.31|UN|29457.36|6102|30|0.00|12.00|0.00|0.00|0.00|0.00|0.00|0.00|0.00|
|C170|3|PROD008|CONJUNTO MONTADO H|33.01|UN|41277.61|6102|50|0.00|12.00|0.00|0.00|0.00|0.00|0.00|0.00|0.00|
|C100|1|0|11223344000166|55|00|000000402|000|22022024|23022024|9913.33|2071.34|248.56|0.00|0.00|0.00|0.00|0.00|0.00|0.00|0|33366699000100|
|C170|1|PROD001|PECA MECANICA TIPO A|25.85|UN|2023.30|5401|51|1787.23|12.00|214.47|0.00|0.00|0.00|0.00|0.00|0.00|
|C170|2|PROD003|MATERIAL BRUTO C|21.72|UN|7565.94|5401|40|0.00|12.00|0.00|0.00|0.00|0.00|0.00|0.00|0.00|
|C170|3|PROD005|INSUMO INDUSTRIAL E|16.49|UN|324.09|5401|10|284.11|12.00|34.09|0.00|0.00|0.00|0.00|0.00|0.00|
|C100|1|0|11223344000166|55|00|000000403|000|14022024|17022024|3069.95|2824.13|338.90|0.00|0.00|0.00|0.00|0.00|0.00|0.00|0|22244466000133|
|C170|1|PROD003|MATERIAL BRUTO C|9.43|UN|3069.95|5102|00|2824.13|12.00|338.90|0.00|0.00|0.00|0.00|0.00|0.00|
|C100|1|0|11223344000166|55|00|000000404|000|07022024|08022024|3926.71|0.00|0.00|0.00|0.00|0.00|0.00|0.00|0.00|0.00|0|99900011000155|
|C170|1|PROD002|COMPONENTE ELETRICO B|47.66|UN|3926.71|5101|40|0.00|12.00|0.00|0.00|0.00|0.00|0.00|0.00|0.00|
|C100|1|0|11223344000166|55|00|000000405|000|12022024|12022024|46900.80|35877.63|4305.32|0.00|0.00|0.00|0.00|0.00|0.00|0.00|0|99900011000155|
|C170|1|PROD003|MATERIAL BRUTO C|26.84|UN|6739.58|5403|40|0.00|12.00|0.00|0.00|0.00|0.00|0.00|0.00|0.00|
|C170|2|PROD008|CONJUNTO MONTADO H|29.90|UN|40161.22|5403|00|35877.63|12.00|4305.32|0.00|0.00|0.00|0.00|0.00|0.00|
|C100|1|0|11223344000166|55|00|000000406|000|17022024|18022024|5141.68|4755.36|570.65|0.00|0.00|0.00|0.00|0.00|0.00|0.00|0|22244466000133|
|C170|1|PROD003|MATERIAL BRUTO C|9.96|UN|2528.13|5403|00|2480.64|12.00|297.68|0.00|0.00|0.00|0.00|0.00|0.00|
|C170|2|PROD007|PARTE SOBRESSALENTE G|32.29|UN|2613.55|5403|00|2274.72|12.00|272.97|0.00|0.00|0.00|0.00|0.00|0.00|
|C100|1|0|11223344000166|55|00|000000407|000|26022024|27022024|14740.87|13451.88|1614.23|0.00|0.00|0.00|0.00|0.00|0.00|0.00|0|55512312300010|
|C170|1|PROD004|PRODUTO ACABADO D|9.62|UN|7276.57|5403|51|6313.24|12.00|757.59|0.00|0.00|0.00|0.00|0.00|0.00|
|C170|2|PROD008|CONJUNTO MONTADO H|10.01|UN|7464.30|5403|00|7138.64|12.00|856.64|0.00|0.00|0.00|0.00|0.00|0.00|
|C100|1|0|11223344000166|55|00|000000408|000|24022024|27022024|29877.10|0.00|0.00|0.00|0.00|0.00|0.00|0.00|0.00|0.00|0|33366699000100|
|C170|1|PROD004|PRODUTO ACABADO D|39.38|UN|28527.85|5401|50|0.00|12.00|0.00|0.00|0.00|0.00|0.00|0.00|0.00|
|C170|2|PROD003|MATERIAL BRUTO C|4.36|UN|1349.25|5401|70|0.00|12.00|0.00|0.00|0.00|0.00|0.00|0.00|0.00|
|C100|1|0|11223344000166|55|00|000000409|000|12022024|15022024|1890.43|1838.48|220.62|0.00|0.00|0.00|0.00|0.00|0.00|0.00|0|22244466000133|
|C170|1|PROD002|COMPONENTE ELETRICO B|48.85|UN|1531.54|6102|00|1500.60|12.00|180.07|0.00|0.00|0.00|0.00|0.00|0.00|
|C170|2|PROD006|EMBALAGEM PADRAO F|34.12|UN|358.89|6102|20|337.88|12.00|40.55|0.00|0.00|0.00|0.00|0.00|0.00|
|C100|1|0|11223344000166|55|00|000000410|000|20022024|23022024|15001.45|12357.44|1482.90|0.00|0.00|0.00|0.00|0.00|0.00|0.00|0|77788899000177|
|C170|1|PROD001|PECA MECANICA TIPO A|12.75|UN|1409.19|5401|40|0.00|12.00|0.00|0.00|0.00|0.00|0.00|0.00|0.00|
|C170|2|PROD007|PARTE SOBRESSALENTE G|34.40|UN|4396.19|5401|00|4105.06|12.00|492.61|0.00|0.00|0.00|0.00|0.00|0.00|
|C170|3|PROD002|COMPONENTE ELETRICO B|48.55|UN|3205.69|5401|10|2754.81|12.00|330.58|0.00|0.00|0.00|0.00|0.00|0.00|
|C170|4|PROD006|EMBALAGEM PADRAO F|15.13|UN|178.56|5401|10|177.75|12.00|21.33|0.00|0.00|0.00|0.00|0.00|0.00|
|C170|5|PROD003|MATERIAL BRUTO C|26.59|UN|5811.82|5401|10|5319.82|12.00|638.38|0.00|0.00|0.00|0.00|0.00|0.00|
|C100|1|0|11223344000166|55|00|000000411|000|26022024|29022024|2137.30|0.00|0.00|0.00|0.00|0.00|0.00|0.00|0.00|0.00|0|77788899000177|
|C170|1|PROD007|PARTE SOBRESSALENTE G|16.23|UN|2137.30|6102|60|0.00|12.00|0.00|0.00|0.00|0.00|0.00|0.00|0.00|
|C100|1|0|11223344000166|55|00|000000412|000|28022024|28022024|12702.83|11402.81|1368.34|0.00|0.00|0.00|0.00|0.00|0.00|0.00|0|55512312300010|
|C170|1|PROD003|MATERIAL BRUTO C|48.10|UN|11493.98|5401|10|11402.81|12.00|1368.34|0.00|0.00|0.00|0.00|0.00|0.00|
|C170|2|PROD002|COMPONENTE ELETRICO B|29.48|UN|1208.85|5401|41|0.00|12.00|0.00|0.00|0.00|0.00|0.00|0.00|0.00|
|C100|1|0|11223344000166|55|00|000000413|000|16022024|16022024|4792.73|667.28|80.07|0.00|0.00|0.00|0.00|0.00|0.00|0.00|0|33366699000100|
|C170|1|PROD005|INSUMO INDUSTRIAL E|43.84|UN|1356.38|5403|41|0.00|12.00|0.00|0.00|0.00|0.00|0.00|0.00|0.00|
|C170|2|PROD006|EMBALAGEM PADRAO F|2.08|UN|21.08|5403|00|19.35|12.00|2.32|0.00|0.00|0.00|0.00|0.00|0.00|
|C170|3|PROD002|COMPONENTE ELETRICO B|48.66|UN|2714.52|5403|70|0.00|12.00|0.00|0.00|0.00|0.00|0.00|0.00|0.00|
|C170|4|PROD007|PARTE SOBRESSALENTE G|8.55|UN|700.75|5403|51|647.93|12.00|77.75|0.00|0.00|0.00|0.00|0.00|0.00|
|C100|1|0|11223344000166|55|00|000000414|000|24022024|24022024|55942.23|0.00|0.00|0.00|0.00|0.00|0.00|0.00|0.00|0.00|0|22244466000133|
|C170|1|PROD008|CONJUNTO MONTADO H|47.47|UN|55942.23|5401|41|0.00|12.00|0.00|0.00|0.00|0.00|0.00|0.00|0.00|
|C100|1|0|11223344000166|55|00|000000415|000|02022024|05022024|40108.14|8583.31|1030.00|0.00|0.00|0.00|0.00|0.00|0.00|0.00|0|33366699000100|
|C170|1|PROD001|PECA MECANICA TIPO A|17.52|UN|1792.86|6101|00|1762.19|12.00|211.46|0.00|0.00|0.00|0.00|0.00|0.00|
|C170|2|PROD004|PRODUTO ACABADO D|8.90|UN|4941.47|6101|00|4322.46|12.00|518.70|0.00|0.00|0.00|0.00|0.00|0.00|
|C170|3|PROD004|PRODUTO ACABADO D|2.69|UN|2602.03|6101|00|2498.66|12.00|299.84|0.00|0.00|0.00|0.00|0.00|0.00|
|C170|4|PROD005|INSUMO INDUSTRIAL E|3.47|UN|67.85|6101|40|0.00|12.00|0.00|0.00|0.00|0.00|0.00|0.00|0.00|
|C170|5|PROD008|CONJUNTO MONTADO H|33.08|UN|30703.93|6101|40|0.00|12.00|0.00|0.00|0.00|0.00|0.00|0.00|0.00|
|C100|1|0|11223344000166|55|00|000000416|000|05022024|05022024|69.30|68.12|8.17|0.00|0.00|0.00|0.00|0.00|0.00|0.00|0|33366699000100|
|C170|1|PROD006|EMBALAGEM PADRAO F|6.51|UN|69.30|6102|10|68.12|12.00|8.17|0.00|0.00|0.00|0.00|0.00|0.00|
|C100|1|0|11223344000166|55|00|000000417|000|08022024|09022024|55042.77|36851.49|4422.19|0.00|0.00|0.00|0.00|0.00|0.00|0.00|0|22244466000133|
|C170|1|PROD001|PECA MECANICA TIPO A|8.23|UN|973.87|5102|60|0.00|12.00|0.00|0.00|0.00|0.00|0.00|0.00|0.00|
|C170|2|PROD008|CONJUNTO MONTADO H|45.47|UN|35052.37|5102|20|34458.38|12.00|4135.01|0.00|0.00|0.00|0.00|0.00|0.00|
|C170|3|PROD004|PRODUTO ACABADO D|31.46|UN|16513.25|5102|41|0.00|12.00|0.00|0.00|0.00|0.00|0.00|0.00|0.00|
|C170|4|PROD005|INSUMO INDUSTRIAL E|46.92|UN|1853.93|5102|20|1766.46|12.00|211.98|0.00|0.00|0.00|0.00|0.00|0.00|
|C170|5|PROD005|INSUMO INDUSTRIAL E|30.37|UN|649.35|5102|00|626.65|12.00|75.20|0.00|0.00|0.00|0.00|0.00|0.00|
|C100|1|0|11223344000166|55|00|000000418|000|17022024|20022024|62001.60|54866.91|6584.02|0.00|0.00|0.00|0.00|0.00|0.00|0.00|0|99900011000155|
|C170|1|PROD008|CONJUNTO MONTADO H|45.22|UN|38508.05|6102|00|33793.76|12.00|4055.25|0.00|0.00|0.00|0.00|0.00|0.00|
|C170|2|PROD008|CONJUNTO MONTADO H|19.67|UN|23395.90|6102|00|20981.61|12.00|2517.79|0.00|0.00|0.00|0.00|0.00|0.00|
|C170|3|PROD006|EMBALAGEM PADRAO F|17.69|UN|97.65|6102|00|91.54|12.00|10.98|0.00|0.00|0.00|0.00|0.00|0.00|
|C100|1|0|11223344000166|55|00|000000419|000|16022024|16022024|4417.59|0.00|0.00|0.00|0.00|0.00|0.00|0.00|0.00|0.00|0|22244466000133|
|C170|1|PROD005|INSUMO INDUSTRIAL E|15.46|UN|438.32|5102|50|0.00|12.00|0.00|0.00|0.00|0.00|0.00|0.00|0.00|
|C170|2|PROD007|PARTE SOBRESSALENTE G|25.86|UN|3428.39|5102|50|0.00|12.00|0.00|0.00|0.00|0.00|0.00|0.00|0.00|
|C170|3|PROD003|MATERIAL BRUTO C|2.32|UN|550.88|5102|60|0.00|12.00|0.00|0.00|0.00|0.00|0.00|0.00|0.00|
|C100|1|0|11223344000166|55|00|000000420|000|02022024|02022024|7750.80|4689.93|562.79|0.00|0.00|0.00|0.00|0.00|0.00|0.00|0|22244466000133|
|C170|1|PROD005|INSUMO INDUSTRIAL E|24.09|UN|892.46|6102|30|0.00|12.00|0.00|0.00|0.00|0.00|0.00|0.00|0.00|
|C170|2|PROD006|EMBALAGEM PADRAO F|38.16|UN|262.92|6102|50|0.00|12.00|0.00|0.00|0.00|0.00|0.00|0.00|0.00|
|C170|3|PROD001|PECA MECANICA TIPO A|30.12|UN|1826.42|6102|41|0.00|12.00|0.00|0.00|0.00|0.00|0.00|0.00|0.00|
|C170|4|PROD007|PARTE SOBRESSALENTE G|48.43|UN|4769.00|6102|00|4689.93|12.00|562.79|0.00|0.00|0.00|0.00|0.00|0.00|
|C100|1|0|11223344000166|55|00|000000421|000|19022024|21022024|6793.78|1354.18|162.51|0.00|0.00|0.00|0.00|0.00|0.00|0.00|0|22244466000133|
|C170|1|PROD005|INSUMO INDUSTRIAL E|31.01|UN|818.33|5401|10|720.30|12.00|86.44|0.00|0.00|0.00|0.00|0.00|0.00|
|C170|2|PROD001|PECA MECANICA TIPO A|35.70|UN|3028.36|5401|40|0.00|12.00|0.00|0.00|0.00|0.00|0.00|0.00|0.00|
|C170|3|PROD002|COMPONENTE ELETRICO B|34.71|UN|2217.78|5401|40|0.00|12.00|0.00|0.00|0.00|0.00|0.00|0.00|0.00|
|C170|4|PROD001|PECA MECANICA TIPO A|7.52|UN|729.31|5401|20|633.88|12.00|76.07|0.00|0.00|0.00|0.00|0.00|0.00|
|C100|1|0|11223344000166|55|00|000000422|000|08022024|10022024|10049.70|9930.65|1191.68|0.00|0.00|0.00|0.00|0.00|0.00|0.00|0|77788899000177|
|C170|1|PROD008|CONJUNTO MONTADO H|8.49|UN|10049.70|6102|00|9930.65|12.00|1191.68|0.00|0.00|0.00|0.00|0.00|0.00|
|C100|1|0|11223344000166|55|00|000000423|000|01022024|02022024|7616.27|6967.54|836.11|0.00|0.00|0.00|0.00|0.00|0.00|0.00|0|22244466000133|
|C170|1|PROD002|COMPONENTE ELETRICO B|26.12|UN|1469.83|5403|00|1381.00|12.00|165.72|0.00|0.00|0.00|0.00|0.00|0.00|
|C170|2|PROD007|PARTE SOBRESSALENTE G|19.76|UN|2542.60|5403|00|2261.47|12.00|271.38|0.00|0.00|0.00|0.00|0.00|0.00|
|C170|3|PROD007|PARTE SOBRESSALENTE G|27.99|UN|3603.84|5403|00|3325.07|12.00|399.01|0.00|0.00|0.00|0.00|0.00|0.00|
|C100|1|0|11223344000166|55|00|000000424|000|27022024|27022024|4084.90|3666.92|440.03|0.00|0.00|0.00|0.00|0.00|0.00|0.00|0|22244466000133|
|C170|1|PROD005|INSUMO INDUSTRIAL E|6.10|UN|111.32|5403|00|107.64|12.00|12.92|0.00|0.00|0.00|0.00|0.00|0.00|
|C170|2|PROD003|MATERIAL BRUTO C|17.57|UN|3973.58|5403|10|3559.28|12.00|427.11|0.00|0.00|0.00|0.00|0.00|0.00|
|C100|1|0|11223344000166|55|00|000000425|000|28022024|01032024|10630.61|0.00|0.00|0.00|0.00|0.00|0.00|0.00|0.00|0.00|0|55512312300010|
|C170|1|PROD003|MATERIAL BRUTO C|32.21|UN|10576.15|5102|40|0.00|12.00|0.00|0.00|0.00|0.00|0.00|0.00|0.00|
|C170|2|PROD006|EMBALAGEM PADRAO F|6.28|UN|54.46|5102|30|0.00|12.00|0.00|0.00|0.00|0.00|0.00|0.00|0.00|
|C100|1|0|11223344000166|55|00|000000426|000|09022024|10022024|3268.22|2828.31|339.40|0.00|0.00|0.00|0.00|0.00|0.00|0.00|0|33366699000100|
|C170|1|PROD001|PECA MECANICA TIPO A|31.64|UN|2456.37|5101|00|2266.82|12.00|272.02|0.00|0.00|0.00|0.00|0.00|0.00|
|C170|2|PROD006|EMBALAGEM PADRAO F|29.06|UN|197.92|5101|41|0.00|12.00|0.00|0.00|0.00|0.00|0.00|0.00|0.00|
|C170|3|PROD006|EMBALAGEM PADRAO F|11.52|UN|119.53|5101|00|103.36|12.00|12.40|0.00|0.00|0.00|0.00|0.00|0.00|
|C170|4|PROD005|INSUMO INDUSTRIAL E|24.87|UN|494.40|5101|00|458.13|12.00|54.98|0.00|0.00|0.00|0.00|0.00|0.00|
|C100|1|0|11223344000166|55|00|000000427|000|15022024|17022024|1525.03|1431.49|171.78|0.00|0.00|0.00|0.00|0.00|0.00|0.00|0|55512312300010|
|C170|1|PROD002|COMPONENTE ELETRICO B|28.41|UN|1525.03|5101|90|1431.49|12.00|171.78|0.00|0.00|0.00|0.00|0.00|0.00|
|C100|1|0|11223344000166|55|00|000000428|000|04022024|04022024|1446.81|0.00|0.00|0.00|0.00|0.00|0.00|0.00|0.00|0.00|0|99900011000155|
|C170|1|PROD001|PECA MECANICA TIPO A|1.15|UN|96.44|5102|40|0.00|12.00|0.00|0.00|0.00|0.00|0.00|0.00|0.00|
|C170|2|PROD002|COMPONENTE ELETRICO B|28.40|UN|1350.37|5102|40|0.00|12.00|0.00|0.00|0.00|0.00|0.00|0.00|0.00|
|C100|1|0|11223344000166|55|00|000000429|000|25022024|27022024|1824.28|1551.80|186.22|0.00|0.00|0.00|0.00|0.00|0.00|0.00|0|33366699000100|
|C170|1|PROD002|COMPONENTE ELETRICO B|32.08|UN|1824.28|5102|00|1551.80|12.00|186.22|0.00|0.00|0.00|0.00|0.00|0.00|
|C100|1|0|11223344000166|55|00|000000430|000|10022024|10022024|11363.52|7649.38|917.93|0.00|0.00|0.00|0.00|0.00|0.00|0.00|0|99900011000155|
|C170|1|PROD004|PRODUTO ACABADO D|14.95|UN|8313.99|5401|10|7649.38|12.00|917.93|0.00|0.00|0.00|0.00|0.00|0.00|
|C170|2|PROD001|PECA MECANICA TIPO A|46.42|UN|3049.53|5401|60|0.00|12.00|0.00|0.00|0.00|0.00|0.00|0.00|0.00|
|C100|1|0|11223344000166|55|00|000000431|000|23022024|24022024|13783.16|0.00|0.00|0.00|0.00|0.00|0.00|0.00|0.00|0.00|0|22244466000133|
|C170|1|PROD003|MATERIAL BRUTO C|40.56|UN|13783.16|5401|60|0.00|12.00|0.00|0.00|0.00|0.00|0.00|0.00|0.00|
|C100|1|0|11223344000166|55|00|000000432|000|02022024|04022024|3430.20|3099.38|371.93|0.00|0.00|0.00|0.00|0.00|0.00|0.00|0|55512312300010|
|C170|1|PROD002|COMPONENTE ELETRICO B|10.17|UN|851.03|5403|00|745.14|12.00|89.42|0.00|0.00|0.00|0.00|0.00|0.00|
|C170|2|PROD003|MATERIAL BRUTO C|11.80|UN|2579.17|5403|20|2354.24|12.00|282.51|0.00|0.00|0.00|0.00|0.00|0.00|
|C100|1|0|11223344000166|55|00|000000433|000|20022024|23022024|25364.16|7340.74|880.89|0.00|0.00|0.00|0.00|0.00|0.00|0.00|0|77788899000177|
|C170|1|PROD001|PECA MECANICA TIPO A|15.44|UN|911.91|6102|40|0.00|12.00|0.00|0.00|0.00|0.00|0.00|0.00|0.00|
|C170|2|PROD004|PRODUTO ACABADO D|11.76|UN|10472.92|6102|60|0.00|12.00|0.00|0.00|0.00|0.00|0.00|0.00|0.00|
|C170|3|PROD003|MATERIAL BRUTO C|33.64|UN|8317.42|6102|00|7340.74|12.00|880.89|0.00|0.00|0.00|0.00|0.00|0.00|
|C170|4|PROD005|INSUMO INDUSTRIAL E|32.06|UN|626.39|6102|60|0.00|12.00|0.00|0.00|0.00|0.00|0.00|0.00|0.00|
|C170|5|PROD001|PECA MECANICA TIPO A|46.44|UN|5035.52|6102|41|0.00|12.00|0.00|0.00|0.00|0.00|0.00|0.00|0.00|
|C100|1|0|11223344000166|55|00|000000434|000|13022024|16022024|25606.18|18941.03|2272.92|0.00|0.00|0.00|0.00|0.00|0.00|0.00|0|33366699000100|
|C170|1|PROD008|CONJUNTO MONTADO H|18.16|UN|22072.25|6101|00|18941.03|12.00|2272.92|0.00|0.00|0.00|0.00|0.00|0.00|
|C170|2|PROD001|PECA MECANICA TIPO A|35.44|UN|3533.93|6101|40|0.00|12.00|0.00|0.00|0.00|0.00|0.00|0.00|0.00|
|C100|1|0|11223344000166|55|00|000000435|000|29022024|03032024|999.17|926.03|111.12|0.00|0.00|0.00|0.00|0.00|0.00|0.00|0|22244466000133|
|C170|1|PROD005|INSUMO INDUSTRIAL E|25.80|UN|999.17|6101|00|926.03|12.00|111.12|0.00|0.00|0.00|0.00|0.00|0.00|
|C100|1|0|11223344000166|55|00|000000436|000|29022024|03032024|35572.89|450.05|54.01|0.00|0.00|0.00|0.00|0.00|0.00|0.00|0|22244466000133|
|C170|1|PROD005|INSUMO INDUSTRIAL E|22.33|UN|467.65|6101|10|450.05|12.00|54.01|0.00|0.00|0.00|0.00|0.00|0.00|
|C170|2|PROD008|CONJUNTO MONTADO H|30.15|UN|35105.24|6101|50|0.00|12.00|0.00|0.00|0.00|0.00|0.00|0.00|0.00|
|C100|1|0|11223344000166|55|00|000000437|000|01022024|02022024|4854.26|0.00|0.00|0.00|0.00|0.00|0.00|0.00|0.00|0.00|0|77788899000177|
|C170|1|PROD008|CONJUNTO MONTADO H|4.03|UN|4343.23|5101|60|0.00|12.00|0.00|0.00|0.00|0.00|0.00|0.00|0.00|
|C170|2|PROD002|COMPONENTE ELETRICO B|6.81|UN|511.03|5101|70|0.00|12.00|0.00|0.00|0.00|0.00|0.00|0.00|0.00|
|C100|1|0|11223344000166|55|00|000000438|000|21022024|21022024|19248.71|17230.99|2067.71|0.00|0.00|0.00|0.00|0.00|0.00|0.00|0|99900011000155|
|C170|1|PROD007|PARTE SOBRESSALENTE G|11.37|UN|1301.30|5102|40|0.00|12.00|0.00|0.00|0.00|0.00|0.00|0.00|0.00|
|C170|2|PROD007|PARTE SOBRESSALENTE G|33.34|UN|3437.81|5102|00|3330.79|12.00|399.69|0.00|0.00|0.00|0.00|0.00|0.00|
|C170|3|PROD005|INSUMO INDUSTRIAL E|35.07|UN|1181.12|5102|00|1053.34|12.00|126.40|0.00|0.00|0.00|0.00|0.00|0.00|
|C170|4|PROD008|CONJUNTO MONTADO H|10.64|UN|13023.73|5102|00|12846.86|12.00|1541.62|0.00|0.00|0.00|0.00|0.00|0.00|
|C170|5|PROD002|COMPONENTE ELETRICO B|5.87|UN|304.75|5102|50|0.00|12.00|0.00|0.00|0.00|0.00|0.00|0.00|0.00|
|C100|1|0|11223344000166|55|00|000000439|000|11022024|11022024|12358.79|207.20|24.86|0.00|0.00|0.00|0.00|0.00|0.00|0.00|0|99900011000155|
|C170|1|PROD006|EMBALAGEM PADRAO F|44.08|UN|241.98|5101|00|207.20|12.00|24.86|0.00|0.00|0.00|0.00|0.00|0.00|
|C170|2|PROD008|CONJUNTO MONTADO H|14.10|UN|12116.81|5101|40|0.00|12.00|0.00|0.00|0.00|0.00|0.00|0.00|0.00|
|C100|1|0|11223344000166|55|00|000000440|000|25022024|28022024|2341.82|0.00|0.00|0.00|0.00|0.00|0.00|0.00|0.00|0.00|0|22244466000133|
|C170|1|PROD001|PECA MECANICA TIPO A|45.54|UN|2341.82|5102|40|0.00|12.00|0.00|0.00|0.00|0.00|0.00|0.00|0.00|
|C100|1|0|11223344000166|55|00|000000441|000|08022024|08022024|4141.30|3712.98|445.56|0.00|0.00|0.00|0.00|0.00|0.00|0.00|0|33366699000100|
|C170|1|PROD006|EMBALAGEM PADRAO F|29.25|UN|169.34|5101|00|147.66|12.00|17.72|0.00|0.00|0.00|0.00|0.00|0.00|
|C170|2|PROD002|COMPONENTE ELETRICO B|48.06|UN|3905.12|5101|00|3504.30|12.00|420.52|0.00|0.00|0.00|0.00|0.00|0.00|
|C170|3|PROD005|INSUMO INDUSTRIAL E|2.02|UN|66.84|5101|20|61.02|12.00|7.32|0.00|0.00|0.00|0.00|0.00|0.00|
|C100|1|0|11223344000166|55|00|000000442|000|22022024|22022024|539.47|0.00|0.00|0.00|0.00|0.00|0.00|0.00|0.00|0.00|0|33366699000100|
|C170|1|PROD005|INSUMO INDUSTRIAL E|19.03|UN|539.47|5401|50|0.00|12.00|0.00|0.00|0.00|0.00|0.00|0.00|0.00|
|C100|1|0|11223344000166|55|00|000000443|000|13022024|13022024|5451.59|2344.70|281.36|0.00|0.00|0.00|0.00|0.00|0.00|0.00|0|33366699000100|
|C170|1|PROD003|MATERIAL BRUTO C|11.92|UN|2713.56|5101|00|2344.70|12.00|281.36|0.00|0.00|0.00|0.00|0.00|0.00|
|C170|2|PROD001|PECA MECANICA TIPO A|29.66|UN|2738.03|5101|60|0.00|12.00|0.00|0.00|0.00|0.00|0.00|0.00|0.00|
|C100|1|0|11223344000166|55|00|000000444|000|21022024|22022024|5803.48|0.00|0.00|0.00|0.00|0.00|0.00|0.00|0.00|0.00|0|99900011000155|
|C170|1|PROD003|MATERIAL BRUTO C|20.67|UN|4994.36|5102|40|0.00|12.00|0.00|0.00|0.00|0.00|0.00|0.00|0.00|
|C170|2|PROD005|INSUMO INDUSTRIAL E|41.47|UN|809.12|5102|50|0.00|12.00|0.00|0.00|0.00|0.00|0.00|0.00|0.00|
|C100|1|0|11223344000166|55|00|000000445|000|24022024|26022024|33135.95|29745.36|3569.44|0.00|0.00|0.00|0.00|0.00|0.00|0.00|0|77788899000177|
|C170|1|PROD008|CONJUNTO MONTADO H|38.38|UN|33135.95|5403|00|29745.36|12.00|3569.44|0.00|0.00|0.00|0.00|0.00|0.00|
|C100|1|0|11223344000166|55|00|000000446|000|15022024|18022024|25454.39|24241.32|2908.96|0.00|0.00|0.00|0.00|0.00|0.00|0.00|0|77788899000177|
|C170|1|PROD001|PECA MECANICA TIPO A|7.63|UN|515.82|6102|00|469.09|12.00|56.29|0.00|0.00|0.00|0.00|0.00|0.00|
|C170|2|PROD004|PRODUTO ACABADO D|26.73|UN|24938.57|6102|00|23772.23|12.00|2852.67|0.00|0.00|0.00|0.00|0.00|0.00|
|C100|1|0|11223344000166|55|00|000000447|000|27022024|29022024|4315.20|909.52|109.14|0.00|0.00|0.00|0.00|0.00|0.00|0.00|0|33366699000100|
|C170|1|PROD006|EMBALAGEM PADRAO F|33.87|UN|327.87|5101|20|296.68|12.00|35.60|0.00|0.00|0.00|0.00|0.00|0.00|
|C170|2|PROD008|CONJUNTO MONTADO H|4.17|UN|3341.08|5101|40|0.00|12.00|0.00|0.00|0.00|0.00|0.00|0.00|0.00|
|C170|3|PROD006|EMBALAGEM PADRAO F|45.84|UN|329.58|5101|00|308.72|12.00|37.05|0.00|0.00|0.00|0.00|0.00|0.00|
|C170|4|PROD006|EMBALAGEM PADRAO F|49.33|UN|316.67|5101|10|304.12|12.00|36.49|0.00|0.00|0.00|0.00|0.00|0.00|
|C100|1|0|11223344000166|55|00|000000448|000|10022024|12022024|6100.62|1817.77|218.13|0.00|0.00|0.00|0.00|0.00|0.00|0.00|0|22244466000133|
|C170|1|PROD005|INSUMO INDUSTRIAL E|41.24|UN|1305.69|5101|00|1219.57|12.00|146.35|0.00|0.00|0.00|0.00|0.00|0.00|
|C170|2|PROD001|PECA MECANICA TIPO A|13.45|UN|683.95|5101|00|598.20|12.00|71.78|0.00|0.00|0.00|0.00|0.00|0.00|
|C170|3|PROD001|PECA MECANICA TIPO A|48.08|UN|4110.98|5101|41|0.00|12.00|0.00|0.00|0.00|0.00|0.00|0.00|0.00|
|C100|1|0|11223344000166|55|00|000000449|000|13022024|15022024|36661.18|34318.02|4118.17|0.00|0.00|0.00|0.00|0.00|0.00|0.00|0|77788899000177|
|C170|1|PROD004|PRODUTO ACABADO D|42.29|UN|34343.15|5401|10|32132.48|12.00|3855.90|0.00|0.00|0.00|0.00|0.00|0.00|
|C170|2|PROD002|COMPONENTE ELETRICO B|27.92|UN|2268.78|5401|00|2136.71|12.00|256.41|0.00|0.00|0.00|0.00|0.00|0.00|
|C170|3|PROD005|INSUMO INDUSTRIAL E|1.93|UN|49.25|5401|20|48.83|12.00|5.86|0.00|0.00|0.00|0.00|0.00|0.00|
|C100|1|0|11223344000166|55|00|000000450|000|14022024|16022024|58657.62|53989.68|6478.76|0.00|0.00|0.00|0.00|0.00|0.00|0.00|0|33366699000100|
|C170|1|PROD004|PRODUTO ACABADO D|35.03|UN|34032.23|5101|00|29627.32|12.00|3555.28|0.00|0.00|0.00|0.00|0.00|0.00|
|C170|2|PROD004|PRODUTO ACABADO D|25.67|UN|24412.99|5101|00|24362.36|12.00|2923.48|0.00|0.00|0.00|0.00|0.00|0.00|
|C170|3|PROD005|INSUMO INDUSTRIAL E|7.21|UN|212.40|5101|50|0.00|12.00|0.00|0.00|0.00|0.00|0.00|0.00|0.00|
|C100|1|0|11223344000166|55|00|000000451|000|11022024|11022024|5577.95|1021.43|122.57|0.00|0.00|0.00|0.00|0.00|0.00|0.00|0|33366699000100|
|C170|1|PROD007|PARTE SOBRESSALENTE G|34.23|UN|3126.23|5403|30|0.00|12.00|0.00|0.00|0.00|0.00|0.00|0.00|0.00|
|C170|2|PROD007|PARTE SOBRESSALENTE G|10.62|UN|1263.62|5403|40|0.00|12.00|0.00|0.00|0.00|0.00|0.00|0.00|0.00|
|C170|3|PROD007|PARTE SOBRESSALENTE G|14.42|UN|1188.10|5403|00|1021.43|12.00|122.57|0.00|0.00|0.00|0.00|0.00|0.00|
|C100|1|0|11223344000166|55|00|000000452|000|14022024|17022024|50146.42|45848.50|5501.82|0.00|0.00|0.00|0.00|0.00|0.00|0.00|0|33366699000100|
|C170|1|PROD001|PECA MECANICA TIPO A|30.85|UN|2198.89|5403|00|2089.88|12.00|250.79|0.00|0.00|0.00|0.00|0.00|0.00|
|C170|2|PROD008|CONJUNTO MONTADO H|41.92|UN|32717.78|5403|20|29805.79|12.00|3576.69|0.00|0.00|0.00|0.00|0.00|0.00|
|C170|3|PROD006|EMBALAGEM PADRAO F|34.49|UN|319.00|5403|00|295.08|12.00|35.41|0.00|0.00|0.00|0.00|0.00|0.00|
|C170|4|PROD007|PARTE SOBRESSALENTE G|28.62|UN|3626.09|5403|20|3524.56|12.00|422.95|0.00|0.00|0.00|0.00|0.00|0.00|
|C170|5|PROD008|CONJUNTO MONTADO H|12.46|UN|11284.66|5403|51|10133.19|12.00|1215.98|0.00|0.00|0.00|0.00|0.00|0.00|
|C100|1|0|11223344000166|55|00|000000453|000|29022024|01032024|1847.92|317.51|38.10|0.00|0.00|0.00|0.00|0.00|0.00|0.00|0|22244466000133|
|C170|1|PROD002|COMPONENTE ELETRICO B|16.48|UN|1195.24|5401|40|0.00|12.00|0.00|0.00|0.00|0.00|0.00|0.00|0.00|
|C170|2|PROD007|PARTE SOBRESSALENTE G|2.63|UN|355.61|5401|20|317.51|12.00|38.10|0.00|0.00|0.00|0.00|0.00|0.00|
|C170|3|PROD006|EMBALAGEM PADRAO F|4.37|UN|35.82|5401|30|0.00|12.00|0.00|0.00|0.00|0.00|0.00|0.00|0.00|
|C170|4|PROD006|EMBALAGEM PADRAO F|49.76|UN|261.25|5401|40|0.00|12.00|0.00|0.00|0.00|0.00|0.00|0.00|0.00|
|C100|1|0|11223344000166|55|00|000000454|000|10022024|13022024|2806.13|2625.17|315.02|0.00|0.00|0.00|0.00|0.00|0.00|0.00|0|33366699000100|
|C170|1|PROD002|COMPONENTE ELETRICO B|49.27|UN|2806.13|5401|20|2625.17|12.00|315.02|0.00|0.00|0.00|0.00|0.00|0.00|
|C100|1|0|11223344000166|55|00|000000455|000|09022024|09022024|81.24|80.94|9.71|0.00|0.00|0.00|0.00|0.00|0.00|0.00|0|99900011000155|
|C170|1|PROD002|COMPONENTE ELETRICO B|1.20|UN|81.24|6102|00|80.94|12.00|9.71|0.00|0.00|0.00|0.00|0.00|0.00|
|C100|1|0|11223344000166|55|00|000000456|000|28022024|28022024|16213.91|9498.67|1139.85|0.00|0.00|0.00|0.00|0.00|0.00|0.00|0|22244466000133|
|C170|1|PROD007|PARTE SOBRESSALENTE G|38.26|UN|5501.02|5403|40|0.00|12.00|0.00|0.00|0.00|0.00|0.00|0.00|0.00|
|C170|2|PROD007|PARTE SOBRESSALENTE G|41.27|UN|4533.73|5403|00|4332.88|12.00|519.95|0.00|0.00|0.00|0.00|0.00|0.00|
|C170|3|PROD006|EMBALAGEM PADRAO F|39.55|UN|397.11|5403|10|351.21|12.00|42.15|0.00|0.00|0.00|0.00|0.00|0.00|
|C170|4|PROD004|PRODUTO ACABADO D|9.71|UN|5532.48|5403|00|4814.58|12.00|577.75|0.00|0.00|0.00|0.00|0.00|0.00|
|C170|5|PROD006|EMBALAGEM PADRAO F|44.33|UN|249.57|5403|60|0.00|12.00|0.00|0.00|0.00|0.00|0.00|0.00|0.00|
|C100|1|0|11223344000166|55|00|000000457|000|05022024|08022024|74439.89|3512.40|421.48|0.00|0.00|0.00|0.00|0.00|0.00|0.00|0|33366699000100|
|C170|1|PROD005|INSUMO INDUSTRIAL E|41.44|UN|711.11|6101|00|626.66|12.00|75.20|0.00|0.00|0.00|0.00|0.00|0.00|
|C170|2|PROD008|CONJUNTO MONTADO H|28.06|UN|32494.18|6101|40|0.00|12.00|0.00|0.00|0.00|0.00|0.00|0.00|0.00|
|C170|3|PROD002|COMPONENTE ELETRICO B|41.67|UN|2898.15|6101|00|2688.12|12.00|322.57|0.00|0.00|0.00|0.00|0.00|0.00|
|C170|4|PROD008|CONJUNTO MONTADO H|38.73|UN|38104.90|6101|40|0.00|12.00|0.00|0.00|0.00|0.00|0.00|0.00|0.00|
|C170|5|PROD005|INSUMO INDUSTRIAL E|8.04|UN|231.55|6101|20|197.62|12.00|23.71|0.00|0.00|0.00|0.00|0.00|0.00|
|C100|1|0|11223344000166|55|00|000000458|000|22022024|24022024|44389.81|28053.33|3366.40|0.00|0.00|0.00|0.00|0.00|0.00|0.00|0|77788899000177|
|C170|1|PROD004|PRODUTO ACABADO D|24.07|UN|14413.24|6101|40|0.00|12.00|0.00|0.00|0.00|0.00|0.00|0.00|0.00|
|C170|2|PROD004|PRODUTO ACABADO D|36.49|UN|29156.95|6101|00|28053.33|12.00|3366.40|0.00|0.00|0.00|0.00|0.00|0.00|
|C170|3|PROD003|MATERIAL BRUTO C|2.94|UN|819.62|6101|50|0.00|12.00|0.00|0.00|0.00|0.00|0.00|0.00|0.00|
|C100|1|0|11223344000166|55|00|000000459|000|09022024|09022024|13863.82|12341.81|1481.02|0.00|0.00|0.00|0.00|0.00|0.00|0.00|0|22244466000133|
|C170|1|PROD004|PRODUTO ACABADO D|15.16|UN|13863.82|5102|20|12341.81|12.00|1481.02|0.00|0.00|0.00|0.00|0.00|0.00|
|C100|1|0|11223344000166|55|00|000000460|000|03022024|03022024|12137.68|10661.90|1279.43|0.00|0.00|0.00|0.00|0.00|0.00|0.00|0|33366699000100|
|C170|1|PROD006|EMBALAGEM PADRAO F|19.19|UN|107.07|5401|60|0.00|12.00|0.00|0.00|0.00|0.00|0.00|0.00|0.00|
|C170|2|PROD007|PARTE SOBRESSALENTE G|7.97|UN|963.81|5401|70|0.00|12.00|0.00|0.00|0.00|0.00|0.00|0.00|0.00|
|C170|3|PROD007|PARTE SOBRESSALENTE G|46.29|UN|5954.95|5401|00|5575.44|12.00|669.05|0.00|0.00|0.00|0.00|0.00|0.00|
|C170|4|PROD008|CONJUNTO MONTADO H|6.73|UN|5111.85|5401|20|5086.46|12.00|610.38|0.00|0.00|0.00|0.00|0.00|0.00|
|C100|1|0|11223344000166|55|00|000000461|000|14022024|14022024|19337.05|18440.73|2212.88|0.00|0.00|0.00|0.00|0.00|0.00|0.00|0|99900011000155|
|C170|1|PROD001|PECA MECANICA TIPO A|4.02|UN|241.24|6101|10|218.45|12.00|26.21|0.00|0.00|0.00|0.00|0.00|0.00|
|C170|2|PROD003|MATERIAL BRUTO C|17.17|UN|4988.74|6101|10|4687.52|12.00|562.50|0.00|0.00|0.00|0.00|0.00|0.00|
|C170|3|PROD008|CONJUNTO MONTADO H|9.87|UN|12225.33|6101|90|11767.93|12.00|1412.15|0.00|0.00|0.00|0.00|0.00|0.00|
|C170|4|PROD006|EMBALAGEM PADRAO F|16.90|UN|133.52|6101|00|121.86|12.00|14.62|0.00|0.00|0.00|0.00|0.00|0.00|
|C170|5|PROD002|COMPONENTE ELETRICO B|37.87|UN|1748.22|6101|00|1644.97|12.00|197.40|0.00|0.00|0.00|0.00|0.00|0.00|
|C100|1|0|11223344000166|55|00|000000462|000|28022024|01032024|35535.29|195.71|23.48|0.00|0.00|0.00|0.00|0.00|0.00|0.00|0|77788899000177|
|C170|1|PROD007|PARTE SOBRESSALENTE G|22.84|UN|3461.10|6101|60|0.00|12.00|0.00|0.00|0.00|0.00|0.00|0.00|0.00|
|C170|2|PROD005|INSUMO INDUSTRIAL E|3.09|UN|105.34|6101|00|91.11|12.00|10.93|0.00|0.00|0.00|0.00|0.00|0.00|
|C170|3|PROD004|PRODUTO ACABADO D|38.04|UN|31858.73|6101|40|0.00|12.00|0.00|0.00|0.00|0.00|0.00|0.00|0.00|
|C170|4|PROD007|PARTE SOBRESSALENTE G|1.21|UN|110.12|6101|00|104.60|12.00|12.55|0.00|0.00|0.00|0.00|0.00|0.00|
|C100|1|0|11223344000166|55|00|000000463|000|12022024|14022024|305.11|293.48|35.22|0.00|0.00|0.00|0.00|0.00|0.00|0.00|0|77788899000177|
|C170|1|PROD006|EMBALAGEM PADRAO F|13.71|UN|88.45|5102|20|86.41|12.00|10.37|0.00|0.00|0.00|0.00|0.00|0.00|
|C170|2|PROD006|EMBALAGEM PADRAO F|20.56|UN|216.66|5102|10|207.07|12.00|24.85|0.00|0.00|0.00|0.00|0.00|0.00|
|C100|1|0|11223344000166|55|00|000000464|000|28022024|29022024|17742.83|14317.24|1718.06|0.00|0.00|0.00|0.00|0.00|0.00|0.00|0|55512312300010|
|C170|1|PROD002|COMPONENTE ELETRICO B|19.75|UN|795.34|5101|70|0.00|12.00|0.00|0.00|0.00|0.00|0.00|0.00|0.00|
|C170|2|PROD005|INSUMO INDUSTRIAL E|12.12|UN|384.96|5101|20|343.29|12.00|41.19|0.00|0.00|0.00|0.00|0.00|0.00|
|C170|3|PROD003|MATERIAL BRUTO C|47.40|UN|15286.33|5101|00|13973.95|12.00|1676.87|0.00|0.00|0.00|0.00|0.00|0.00|
|C170|4|PROD005|INSUMO INDUSTRIAL E|37.09|UN|1276.20|5101|40|0.00|12.00|0.00|0.00|0.00|0.00|0.00|0.00|0.00|
|C100|1|0|11223344000166|55|00|000000465|000|13022024|13022024|31923.22|9821.73|1178.60|0.00|0.00|0.00|0.00|0.00|0.00|0.00|0|99900011000155|
|C170|1|PROD002|COMPONENTE ELETRICO B|2.51|UN|138.89|5403|40|0.00|12.00|0.00|0.00|0.00|0.00|0.00|0.00|0.00|
|C170|2|PROD007|PARTE SOBRESSALENTE G|3.93|UN|617.64|5403|50|0.00|12.00|0.00|0.00|0.00|0.00|0.00|0.00|0.00|
|C170|3|PROD001|PECA MECANICA TIPO A|21.20|UN|2287.27|5403|10|2181.36|12.00|261.76|0.00|0.00|0.00|0.00|0.00|0.00|
|C170|4|PROD008|CONJUNTO MONTADO H|17.73|UN|21167.89|5403|30|0.00|12.00|0.00|0.00|0.00|0.00|0.00|0.00|0.00|
|C170|5|PROD003|MATERIAL BRUTO C|36.82|UN|7711.53|5403|10|7640.37|12.00|916.84|0.00|0.00|0.00|0.00|0.00|0.00|
|C100|1|0|11223344000166|55|00|000000466|000|02022024|03022024|107.68|0.00|0.00|0.00|0.00|0.00|0.00|0.00|0.00|0.00|0|77788899000177|
|C170|1|PROD006|EMBALAGEM PADRAO F|8.39|UN|58.14|6101|40|0.00|12.00|0.00|0.00|0.00|0.00|0.00|0.00|0.00|
|C170|2|PROD002|COMPONENTE ELETRICO B|1.44|UN|49.54|6101|70|0.00|12.00|0.00|0.00|0.00|0.00|0.00|0.00|0.00|
|C100|1|0|11223344000166|55|00|000000467|000|23022024|23022024|56935.11|36215.22|4345.83|0.00|0.00|0.00|0.00|0.00|0.00|0.00|0|77788899000177|
|C170|1|PROD003|MATERIAL BRUTO C|16.37|UN|4890.32|5101|41|0.00|12.00|0.00|0.00|0.00|0.00|0.00|0.00|0.00|
|C170|2|PROD005|INSUMO INDUSTRIAL E|29.51|UN|1164.03|5101|40|0.00|12.00|0.00|0.00|0.00|0.00|0.00|0.00|0.00|
|C170|3|PROD004|PRODUTO ACABADO D|14.13|UN|11876.37|5101|40|0.00|12.00|0.00|0.00|0.00|0.00|0.00|0.00|0.00|
|C170|4|PROD008|CONJUNTO MONTADO H|34.72|UN|39004.39|5101|00|36215.22|12.00|4345.83|0.00|0.00|0.00|0.00|0.00|0.00|
|C100|1|0|11223344000166|55|00|000000468|000|14022024|15022024|4042.15|3744.74|449.37|0.00|0.00|0.00|0.00|0.00|0.00|0.00|0|99900011000155|
|C170|1|PROD006|EMBALAGEM PADRAO F|19.48|UN|195.79|6101|00|168.01|12.00|20.16|0.00|0.00|0.00|0.00|0.00|0.00|
|C170|2|PROD005|INSUMO INDUSTRIAL E|16.69|UN|451.32|6101|00|444.82|12.00|53.38|0.00|0.00|0.00|0.00|0.00|0.00|
|C170|3|PROD005|INSUMO INDUSTRIAL E|9.27|UN|211.08|6101|00|183.91|12.00|22.07|0.00|0.00|0.00|0.00|0.00|0.00|
|C170|4|PROD001|PECA MECANICA TIPO A|28.56|UN|3107.46|6101|00|2881.16|12.00|345.74|0.00|0.00|0.00|0.00|0.00|0.00|
|C170|5|PROD006|EMBALAGEM PADRAO F|10.39|UN|76.50|6101|00|66.84|12.00|8.02|0.00|0.00|0.00|0.00|0.00|0.00|
|C100|1|0|11223344000166|55|00|000000469|000|26022024|26022024|18077.14|12773.26|1532.79|0.00|0.00|0.00|0.00|0.00|0.00|0.00|0|22244466000133|
|C170|1|PROD002|COMPONENTE ELETRICO B|22.25|UN|1513.05|5403|40|0.00|12.00|0.00|0.00|0.00|0.00|0.00|0.00|0.00|
|C170|2|PROD004|PRODUTO ACABADO D|21.98|UN|12763.52|5403|00|11619.23|12.00|1394.31|0.00|0.00|0.00|0.00|0.00|0.00|
|C170|3|PROD005|INSUMO INDUSTRIAL E|4.63|UN|113.92|5403|00|109.00|12.00|13.08|0.00|0.00|0.00|0.00|0.00|0.00|
|C170|4|PROD007|PARTE SOBRESSALENTE G|14.48|UN|1227.30|5403|90|1045.03|12.00|125.40|0.00|0.00|0.00|0.00|0.00|0.00|
|C170|5|PROD001|PECA MECANICA TIPO A|34.23|UN|2459.35|5403|60|0.00|12.00|0.00|0.00|0.00|0.00|0.00|0.00|0.00|
|C100|1|0|11223344000166|55|00|000000470|000|14022024|14022024|75653.95|35794.04|4295.28|0.00|0.00|0.00|0.00|0.00|0.00|0.00|0|22244466000133|
|C170|1|PROD004|PRODUTO ACABADO D|26.47|UN|17015.75|6102|00|16559.67|12.00|1987.16|0.00|0.00|0.00|0.00|0.00|0.00|
|C170|2|PROD002|COMPONENTE ELETRICO B|14.31|UN|1157.86|6102|00|1078.60|12.00|129.43|0.00|0.00|0.00|0.00|0.00|0.00|
|C170|3|PROD004|PRODUTO ACABADO D|42.63|UN|37713.12|6102|40|0.00|12.00|0.00|0.00|0.00|0.00|0.00|0.00|0.00|
|C170|4|PROD004|PRODUTO ACABADO D|25.19|UN|19014.93|6102|00|18155.77|12.00|2178.69|0.00|0.00|0.00|0.00|0.00|0.00|
|C170|5|PROD005|INSUMO INDUSTRIAL E|34.62|UN|752.29|6102|40|0.00|12.00|0.00|0.00|0.00|0.00|0.00|0.00|0.00|
|C100|1|0|11223344000166|55|00|000000471|000|26022024|27022024|7314.38|1731.45|207.77|0.00|0.00|0.00|0.00|0.00|0.00|0.00|0|55512312300010|
|C170|1|PROD005|INSUMO INDUSTRIAL E|40.82|UN|746.54|5102|20|738.29|12.00|88.59|0.00|0.00|0.00|0.00|0.00|0.00|
|C170|2|PROD001|PECA MECANICA TIPO A|32.67|UN|3114.47|5102|41|0.00|12.00|0.00|0.00|0.00|0.00|0.00|0.00|0.00|
|C170|3|PROD002|COMPONENTE ELETRICO B|31.42|UN|2357.43|5102|60|0.00|12.00|0.00|0.00|0.00|0.00|0.00|0.00|0.00|
|C170|4|PROD003|MATERIAL BRUTO C|4.20|UN|1095.94|5102|00|993.16|12.00|119.18|0.00|0.00|0.00|0.00|0.00|0.00|
|C100|1|0|11223344000166|55|00|000000472|000|28022024|29022024|14857.80|0.00|0.00|0.00|0.00|0.00|0.00|0.00|0.00|0.00|0|99900011000155|
|C170|1|PROD003|MATERIAL BRUTO C|44.43|UN|14778.75|5102|50|0.00|12.00|0.00|0.00|0.00|0.00|0.00|0.00|0.00|
|C170|2|PROD006|EMBALAGEM PADRAO F|15.44|UN|79.05|5102|40|0.00|12.00|0.00|0.00|0.00|0.00|0.00|0.00|0.00|
|C100|1|0|11223344000166|55|00|000000473|000|19022024|20022024|3574.97|0.00|0.00|0.00|0.00|0.00|0.00|0.00|0.00|0.00|0|33366699000100|
|C170|1|PROD003|MATERIAL BRUTO C|7.86|UN|1858.58|6101|41|0.00|12.00|0.00|0.00|0.00|0.00|0.00|0.00|0.00|
|C170|2|PROD001|PECA MECANICA TIPO A|16.70|UN|1716.39|6101|30|0.00|12.00|0.00|0.00|0.00|0.00|0.00|0.00|0.00|
|C100|1|0|11223344000166|55|00|000000474|000|10022024|10022024|43642.82|3878.32|465.40|0.00|0.00|0.00|0.00|0.00|0.00|0.00|0|33366699000100|
|C170|1|PROD001|PECA MECANICA TIPO A|43.21|UN|3933.93|5102|00|3416.51|12.00|409.98|0.00|0.00|0.00|0.00|0.00|0.00|
|C170|2|PROD002|COMPONENTE ELETRICO B|6.07|UN|513.68|5102|20|461.81|12.00|55.42|0.00|0.00|0.00|0.00|0.00|0.00|
|C170|3|PROD002|COMPONENTE ELETRICO B|37.93|UN|1948.26|5102|70|0.00|12.00|0.00|0.00|0.00|0.00|0.00|0.00|0.00|
|C170|4|PROD004|PRODUTO ACABADO D|45.39|UN|33850.92|5102|41|0.00|12.00|0.00|0.00|0.00|0.00|0.00|0.00|0.00|
|C170|5|PROD007|PARTE SOBRESSALENTE G|37.27|UN|3396.03|5102|40|0.00|12.00|0.00|0.00|0.00|0.00|0.00|0.00|0.00|
|C100|1|0|11223344000166|55|00|000000475|000|13022024|14022024|10858.64|4075.54|489.07|0.00|0.00|0.00|0.00|0.00|0.00|0.00|0|22244466000133|
|C170|1|PROD006|EMBALAGEM PADRAO F|23.12|UN|210.18|5101|41|0.00|12.00|0.00|0.00|0.00|0.00|0.00|0.00|0.00|
|C170|2|PROD003|MATERIAL BRUTO C|15.51|UN|3976.76|5101|50|0.00|12.00|0.00|0.00|0.00|0.00|0.00|0.00|0.00|
|C170|3|PROD008|CONJUNTO MONTADO H|2.13|UN|2198.45|5101|70|0.00|12.00|0.00|0.00|0.00|0.00|0.00|0.00|0.00|
|C170|4|PROD007|PARTE SOBRESSALENTE G|6.36|UN|926.90|5101|10|874.24|12.00|104.91|0.00|0.00|0.00|0.00|0.00|0.00|
|C170|5|PROD001|PECA MECANICA TIPO A|43.16|UN|3546.35|5101|00|3201.30|12.00|384.16|0.00|0.00|0.00|0.00|0.00|0.00|
|C100|1|0|11223344000166|55|00|000000476|000|21022024|21022024|64102.65|0.00|0.00|0.00|0.00|0.00|0.00|0.00|0.00|0.00|0|33366699000100|
|C170|1|PROD008|CONJUNTO MONTADO H|49.87|UN|63470.05|6101|60|0.00|12.00|0.00|0.00|0.00|0.00|0.00|0.00|0.00|
|C170|2|PROD006|EMBALAGEM PADRAO F|32.60|UN|318.21|6101|40|0.00|12.00|0.00|0.00|0.00|0.00|0.00|0.00|0.00|
|C170|3|PROD006|EMBALAGEM PADRAO F|49.28|UN|314.39|6101|40|0.00|12.00|0.00|0.00|0.00|0.00|0.00|0.00|0.00|
|C100|1|0|11223344000166|55|00|000000477|000|13022024|15022024|757.11|654.65|78.56|0.00|0.00|0.00|0.00|0.00|0.00|0.00|0|55512312300010|
|C170|1|PROD002|COMPONENTE ELETRICO B|1.98|UN|94.83|5401|00|91.24|12.00|10.95|0.00|0.00|0.00|0.00|0.00|0.00|
|C170|2|PROD005|INSUMO INDUSTRIAL E|33.53|UN|662.28|5401|90|563.41|12.00|67.61|0.00|0.00|0.00|0.00|0.00|0.00|
|C100|1|0|11223344000166|55|00|000000478|000|13022024|15022024|66195.66|48666.77|5840.01|0.00|0.00|0.00|0.00|0.00|0.00|0.00|0|22244466000133|
|C170|1|PROD003|MATERIAL BRUTO C|45.91|UN|12729.09|5401|00|12249.62|12.00|1469.95|0.00|0.00|0.00|0.00|0.00|0.00|
|C170|2|PROD006|EMBALAGEM PADRAO F|25.51|UN|255.39|5401|00|235.48|12.00|28.26|0.00|0.00|0.00|0.00|0.00|0.00|
|C170|3|PROD004|PRODUTO ACABADO D|44.19|UN|37793.41|5401|00|36181.67|12.00|4341.80|0.00|0.00|0.00|0.00|0.00|0.00|
|C170|4|PROD004|PRODUTO ACABADO D|21.63|UN|14922.44|5401|70|0.00|12.00|0.00|0.00|0.00|0.00|0.00|0.00|0.00|
|C170|5|PROD005|INSUMO INDUSTRIAL E|12.09|UN|495.33|5401|60|0.00|12.00|0.00|0.00|0.00|0.00|0.00|0.00|0.00|
|C100|1|0|11223344000166|55|00|000000479|000|01022024|03022024|3522.24|3446.41|413.57|0.00|0.00|0.00|0.00|0.00|0.00|0.00|0|22244466000133|
|C170|1|PROD003|MATERIAL BRUTO C|14.37|UN|3067.05|5401|00|3031.01|12.00|363.72|0.00|0.00|0.00|0.00|0.00|0.00|
|C170|2|PROD006|EMBALAGEM PADRAO F|35.22|UN|308.87|5401|00|276.71|12.00|33.21|0.00|0.00|0.00|0.00|0.00|0.00|
|C170|3|PROD001|PECA MECANICA TIPO A|2.05|UN|146.32|5401|00|138.69|12.00|16.64|0.00|0.00|0.00|0.00|0.00|0.00|
|C100|1|0|11223344000166|55|00|000000480|000|05022024|07022024|783.08|744.47|89.34|0.00|0.00|0.00|0.00|0.00|0.00|0.00|0|77788899000177|
|C170|1|PROD003|MATERIAL BRUTO C|2.65|UN|783.08|6101|90|744.47|12.00|89.34|0.00|0.00|0.00|0.00|0.00|0.00|
|C100|1|0|11223344000166|55|00|000000481|000|01022024|03022024|535.82|40.74|4.89|0.00|0.00|0.00|0.00|0.00|0.00|0.00|0|99900011000155|
|C170|1|PROD006|EMBALAGEM PADRAO F|5.99|UN|42.74|5101|10|40.74|12.00|4.89|0.00|0.00|0.00|0.00|0.00|0.00|
|C170|2|PROD006|EMBALAGEM PADRAO F|48.83|UN|465.88|5101|30|0.00|12.00|0.00|0.00|0.00|0.00|0.00|0.00|0.00|
|C170|3|PROD006|EMBALAGEM PADRAO F|2.68|UN|27.20|5101|40|0.00|12.00|0.00|0.00|0.00|0.00|0.00|0.00|0.00|
|C100|1|0|11223344000166|55|00|000000482|000|12022024|12022024|18667.97|16038.02|1924.56|0.00|0.00|0.00|0.00|0.00|0.00|0.00|0|33366699000100|
|C170|1|PROD007|PARTE SOBRESSALENTE G|16.60|UN|1822.35|6101|40|0.00|12.00|0.00|0.00|0.00|0.00|0.00|0.00|0.00|
|C170|2|PROD004|PRODUTO ACABADO D|15.23|UN|10666.21|6101|00|10216.51|12.00|1225.98|0.00|0.00|0.00|0.00|0.00|0.00|
|C170|3|PROD003|MATERIAL BRUTO C|16.50|UN|4621.96|6101|00|4337.16|12.00|520.46|0.00|0.00|0.00|0.00|0.00|0.00|
|C170|4|PROD003|MATERIAL BRUTO C|7.52|UN|1557.45|6101|00|1484.35|12.00|178.12|0.00|0.00|0.00|0.00|0.00|0.00|
|C100|1|0|11223344000166|55|00|000000483|000|01022024|01022024|36416.36|34051.59|4086.19|0.00|0.00|0.00|0.00|0.00|0.00|0.00|0|22244466000133|
|C170|1|PROD005|INSUMO INDUSTRIAL E|25.21|UN|882.74|5102|40|0.00|12.00|0.00|0.00|0.00|0.00|0.00|0.00|0.00|
|C170|2|PROD006|EMBALAGEM PADRAO F|3.33|UN|30.17|5102|20|26.77|12.00|3.21|0.00|0.00|0.00|0.00|0.00|0.00|
|C170|3|PROD004|PRODUTO ACABADO D|22.87|UN|15248.72|5102|10|14742.22|12.00|1769.07|0.00|0.00|0.00|0.00|0.00|0.00|
|C170|4|PROD004|PRODUTO ACABADO D|31.52|UN|20254.73|5102|00|19282.60|12.00|2313.91|0.00|0.00|0.00|0.00|0.00|0.00|
|C100|1|0|11223344000166|55|00|000000484|000|07022024|10022024|29894.28|2170.99|260.51|0.00|0.00|0.00|0.00|0.00|0.00|0.00|0|99900011000155|
|C170|1|PROD008|CONJUNTO MONTADO H|17.43|UN|13849.95|5403|40|0.00|12.00|0.00|0.00|0.00|0.00|0.00|0.00|0.00|
|C170|2|PROD001|PECA MECANICA TIPO A|12.13|UN|1254.52|5403|10|1228.62|12.00|147.43|0.00|0.00|0.00|0.00|0.00|0.00|
|C170|3|PROD002|COMPONENTE ELETRICO B|29.15|UN|1004.95|5403|20|942.37|12.00|113.08|0.00|0.00|0.00|0.00|0.00|0.00|
|C170|4|PROD003|MATERIAL BRUTO C|44.28|UN|13784.86|5403|40|0.00|12.00|0.00|0.00|0.00|0.00|0.00|0.00|0.00|
|C100|1|0|11223344000166|55|00|000000485|000|11022024|12022024|68397.22|65398.03|7847.76|0.00|0.00|0.00|0.00|0.00|0.00|0.00|0|22244466000133|
|C170|1|PROD006|EMBALAGEM PADRAO F|39.20|UN|410.46|6102|30|0.00|12.00|0.00|0.00|0.00|0.00|0.00|0.00|0.00|
|C170|2|PROD004|PRODUTO ACABADO D|19.59|UN|17904.93|6102|20|17838.33|12.00|2140.60|0.00|0.00|0.00|0.00|0.00|0.00|
|C170|3|PROD008|CONJUNTO MONTADO H|42.84|UN|47134.71|6102|00|44774.11|12.00|5372.89|0.00|0.00|0.00|0.00|0.00|0.00|
|C170|4|PROD002|COMPONENTE ELETRICO B|48.74|UN|2947.12|6102|00|2785.59|12.00|334.27|0.00|0.00|0.00|0.00|0.00|0.00|
|C100|1|0|11223344000166|55|00|000000486|000|19022024|21022024|4998.43|220.38|26.45|0.00|0.00|0.00|0.00|0.00|0.00|0.00|0|22244466000133|
|C170|1|PROD005|INSUMO INDUSTRIAL E|6.06|UN|246.24|5401|51|220.38|12.00|26.45|0.00|0.00|0.00|0.00|0.00|0.00|
|C170|2|PROD003|MATERIAL BRUTO C|20.92|UN|4752.19|5401|50|0.00|12.00|0.00|0.00|0.00|0.00|0.00|0.00|0.00|
|C100|1|0|11223344000166|55|00|000000487|000|02022024|05022024|54610.60|52377.14|6285.25|0.00|0.00|0.00|0.00|0.00|0.00|0.00|0|33366699000100|
|C170|1|PROD004|PRODUTO ACABADO D|38.21|UN|23979.07|6101|10|22942.16|12.00|2753.06|0.00|0.00|0.00|0.00|0.00|0.00|
|C170|2|PROD002|COMPONENTE ELETRICO B|19.16|UN|591.76|6101|20|504.10|12.00|60.49|0.00|0.00|0.00|0.00|0.00|0.00|
|C170|3|PROD007|PARTE SOBRESSALENTE G|45.01|UN|6251.99|6101|00|5655.93|12.00|678.71|0.00|0.00|0.00|0.00|0.00|0.00|
|C170|4|PROD004|PRODUTO ACABADO D|37.56|UN|23787.78|6101|20|23274.95|12.00|2792.99|0.00|0.00|0.00|0.00|0.00|0.00|
|C100|1|0|11223344000166|55|00|000000488|000|29022024|01032024|37280.19|927.33|111.28|0.00|0.00|0.00|0.00|0.00|0.00|0.00|0|55512312300010|
|C170|1|PROD006|EMBALAGEM PADRAO F|24.96|UN|270.32|5102|30|0.00|12.00|0.00|0.00|0.00|0.00|0.00|0.00|0.00|
|C170|2|PROD002|COMPONENTE ELETRICO B|22.26|UN|853.19|5102|20|752.35|12.00|90.28|0.00|0.00|0.00|0.00|0.00|0.00|
|C170|3|PROD004|PRODUTO ACABADO D|39.51|UN|35967.41|5102|40|0.00|12.00|0.00|0.00|0.00|0.00|0.00|0.00|0.00|
|C170|4|PROD002|COMPONENTE ELETRICO B|4.01|UN|189.27|5102|20|174.98|12.00|21.00|0.00|0.00|0.00|0.00|0.00|0.00|
|C100|1|0|11223344000166|55|00|000000489|000|26022024|28022024|13795.54|12895.60|1547.47|0.00|0.00|0.00|0.00|0.00|0.00|0.00|0|22244466000133|
|C170|1|PROD004|PRODUTO ACABADO D|21.70|UN|13795.54|6102|00|12895.60|12.00|1547.47|0.00|0.00|0.00|0.00|0.00|0.00|
|C100|1|0|11223344000166|55|00|000000490|000|04022024|06022024|18837.97|18570.77|2228.49|0.00|0.00|0.00|0.00|0.00|0.00|0.00|0|22244466000133|
|C170|1|PROD001|PECA MECANICA TIPO A|18.82|UN|1646.92|5101|51|1577.79|12.00|189.33|0.00|0.00|0.00|0.00|0.00|0.00|
|C170|2|PROD005|INSUMO INDUSTRIAL E|38.29|UN|576.26|5101|20|562.39|12.00|67.49|0.00|0.00|0.00|0.00|0.00|0.00|
|C170|3|PROD003|MATERIAL BRUTO C|2.64|UN|892.99|5101|20|816.86|12.00|98.02|0.00|0.00|0.00|0.00|0.00|0.00|
|C170|4|PROD008|CONJUNTO MONTADO H|13.07|UN|15721.80|5101|00|15613.73|12.00|1873.65|0.00|0.00|0.00|0.00|0.00|0.00|
|C100|1|0|11223344000166|55|00|000000491|000|01022024|01022024|39169.54|37518.72|4502.24|0.00|0.00|0.00|0.00|0.00|0.00|0.00|0|77788899000177|
|C170|1|PROD006|EMBALAGEM PADRAO F|38.09|UN|231.58|6102|00|201.76|12.00|24.21|0.00|0.00|0.00|0.00|0.00|0.00|
|C170|2|PROD003|MATERIAL BRUTO C|6.95|UN|1599.33|6102|00|1589.91|12.00|190.79|0.00|0.00|0.00|0.00|0.00|0.00|
|C170|3|PROD003|MATERIAL BRUTO C|12.81|UN|4364.62|6102|00|4204.02|12.00|504.48|0.00|0.00|0.00|0.00|0.00|0.00|
|C170|4|PROD004|PRODUTO ACABADO D|43.43|UN|32974.01|6102|20|31523.03|12.00|3782.76|0.00|0.00|0.00|0.00|0.00|0.00|
|C100|1|0|11223344000166|55|00|000000492|000|15022024|17022024|2214.95|537.80|64.54|0.00|0.00|0.00|0.00|0.00|0.00|0.00|0|77788899000177|
|C170|1|PROD006|EMBALAGEM PADRAO F|46.49|UN|548.18|5101|20|537.80|12.00|64.54|0.00|0.00|0.00|0.00|0.00|0.00|
|C170|2|PROD001|PECA MECANICA TIPO A|22.53|UN|1666.77|5101|41|0.00|12.00|0.00|0.00|0.00|0.00|0.00|0.00|0.00|
|C100|1|0|11223344000166|55|00|000000493|000|03022024|05022024|27786.47|0.00|0.00|0.00|0.00|0.00|0.00|0.00|0.00|0.00|0|22244466000133|
|C170|1|PROD004|PRODUTO ACABADO D|43.33|UN|27786.47|5102|30|0.00|12.00|0.00|0.00|0.00|0.00|0.00|0.00|0.00|
|C100|1|0|11223344000166|55|00|000000494|000|05022024|05022024|65779.39|32280.11|3873.61|0.00|0.00|0.00|0.00|0.00|0.00|0.00|0|99900011000155|
|C170|1|PROD002|COMPONENTE ELETRICO B|8.32|UN|259.46|5102|00|241.49|12.00|28.98|0.00|0.00|0.00|0.00|0.00|0.00|
|C170|2|PROD008|CONJUNTO MONTADO H|42.46|UN|31569.75|5102|00|31351.01|12.00|3762.12|0.00|0.00|0.00|0.00|0.00|0.00|
|C170|3|PROD007|PARTE SOBRESSALENTE G|6.02|UN|705.79|5102|00|687.61|12.00|82.51|0.00|0.00|0.00|0.00|0.00|0.00|
|C170|4|PROD004|PRODUTO ACABADO D|39.66|UN|31301.24|5102|40|0.00|12.00|0.00|0.00|0.00|0.00|0.00|0.00|0.00|
|C170|5|PROD007|PARTE SOBRESSALENTE G|21.10|UN|1943.15|5102|40|0.00|12.00|0.00|0.00|0.00|0.00|0.00|0.00|0.00|
|C100|1|0|11223344000166|55|00|000000495|000|10022024|10022024|13805.41|12494.95|1499.39|0.00|0.00|0.00|0.00|0.00|0.00|0.00|0|33366699000100|
|C170|1|PROD006|EMBALAGEM PADRAO F|4.80|UN|40.86|6101|00|38.74|12.00|4.65|0.00|0.00|0.00|0.00|0.00|0.00|
|C170|2|PROD004|PRODUTO ACABADO D|17.90|UN|11183.57|6101|00|9993.54|12.00|1199.22|0.00|0.00|0.00|0.00|0.00|0.00|
|C170|3|PROD007|PARTE SOBRESSALENTE G|23.59|UN|2580.98|6101|00|2462.67|12.00|295.52|0.00|0.00|0.00|0.00|0.00|0.00|
|C100|1|0|11223344000166|55|00|000000496|000|26022024|28022024|67067.44|4327.70|519.32|0.00|0.00|0.00|0.00|0.00|0.00|0.00|0|99900011000155|
|C170|1|PROD004|PRODUTO ACABADO D|35.64|UN|33572.85|5401|41|0.00|12.00|0.00|0.00|0.00|0.00|0.00|0.00|0.00|
|C170|2|PROD001|PECA MECANICA TIPO A|43.98|UN|5076.19|5401|00|4327.70|12.00|519.32|0.00|0.00|0.00|0.00|0.00|0.00|
|C170|3|PROD008|CONJUNTO MONTADO H|34.29|UN|26606.28|5401|40|0.00|12.00|0.00|0.00|0.00|0.00|0.00|0.00|0.00|
|C170|4|PROD007|PARTE SOBRESSALENTE G|20.21|UN|1812.12|5401|50|0.00|12.00|0.00|0.00|0.00|0.00|0.00|0.00|0.00|
|C100|1|0|11223344000166|55|00|000000497|000|05022024|08022024|23682.46|21170.16|2540.42|0.00|0.00|0.00|0.00|0.00|0.00|0.00|0|77788899000177|
|C170|1|PROD004|PRODUTO ACABADO D|40.21|UN|23682.46|5401|10|21170.16|12.00|2540.42|0.00|0.00|0.00|0.00|0.00|0.00|
|C100|1|0|11223344000166|55|00|000000498|000|26022024|28022024|902.21|779.43|93.53|0.00|0.00|0.00|0.00|0.00|0.00|0.00|0|99900011000155|
|C170|1|PROD005|INSUMO INDUSTRIAL E|29.68|UN|902.21|5101|00|779.43|12.00|93.53|0.00|0.00|0.00|0.00|0.00|0.00|
|C100|1|0|11223344000166|55|00|000000499|000|02022024|03022024|476.70|368.09|44.17|0.00|0.00|0.00|0.00|0.00|0.00|0.00|0|55512312300010|
|C170|1|PROD007|PARTE SOBRESSALENTE G|2.94|UN|391.47|5403|51|368.09|12.00|44.17|0.00|0.00|0.00|0.00|0.00|0.00|
|C170|2|PROD005|INSUMO INDUSTRIAL E|2.48|UN|85.23|5403|40|0.00|12.00|0.00|0.00|0.00|0.00|0.00|0.00|0.00|
|C100|1|0|11223344000166|55|00|000000500|000|18022024|19022024|3466.17|3287.54|394.50|0.00|0.00|0.00|0.00|0.00|0.00|0.00|0|33366699000100|
|C170|1|PROD007|PARTE SOBRESSALENTE G|30.44|UN|3466.17|5401|00|3287.54|12.00|394.50|0.00|0.00|0.00|0.00|0.00|0.00|
|C990|2039|
|E001|0|
|E100|01022024|29022024|
|E110|708210.35|0.00|0.00|708210.35|169.51|0.00|0.00|0.00|0.00|0.00|260031.40|260031.40|0.00|0.00|0.00|0.00|0.00|0.00|0.00|0.00|448009.44|
|E990|4|
|9001|0|
|9900|0000|1|
|9900|0001|1|
|9900|0005|1|
|9900|0150|5|
|9900|0990|1|
|9900|9001|1|
|9900|C001|1|
|9900|C100|500|
|9900|C170|1537|
|9900|C990|1|
|9900|E001|1|
|9900|E100|1|
|9900|E110|1|
|9900|E990|1|
|9990|17|
|9999|2069|
