|0000|LEIAUTE 17|01032024|31032024|11223344000166|GAMMA DISTRIBUIDORA EIRELI|RS|333333333333||PORTO ALEGRE|4314902|0|0|
|0001|0|
|0005|GAMMA DISTRIBUIDORA EIRELI|XX.XXX.XXX/XXXX-XX|11223344000166|contato@empresa.com.br|(11) 0000-0000|
|0150|55512312300010|FORNECEDOR NACIONAL LTDA|SP|444444444444||||55512312300010||
|0150|77788899000177|CLIENTE VAREJO SA|RJ|555555555555||||77788899000177||
|0150|33366699000100|DISTRIBUIDORA CENTRO OESTE|GO|666666666666||||33366699000100||
|0150|22244466000133|INDUSTRIA DO NORTE LTDA|PA|777777777777||||22244466000133||
|0150|99900011000155|ATACADO SUL COMERCIO|SC|888888888888||||99900011000155||
|0990|9|
|C001|0|
|C100|1|0|11223344000166|55|00|000000001|000|06032024|09032024|8170.97|1410.51|169.26|0.00|0.00|0.00|0.00|0.00|0.00|0.00|0|22244466000133|
|C170|1|PROD003|MATERIAL BRUTO C|19.25|UN|6581.72|5101|41|0.00|12.00|0.00|0.00|0.00|0.00|0.00|0.00|0.00|
|C170|2|PROD001|PECA MECANICA TIPO A|25.69|UN|1589.25|5101|00|1410.51|12.00|169.26|0.00|0.00|0.00|0.00|0.00|0.00|
|C100|1|0|11223344000166|55|00|000000002|000|22032024|24032024|5032.04|4534.41|544.13|0.00|0.00|0.00|0.00|0.00|0.00|0.00|0|22244466000133|
|C170|1|PROD005|INSUMO INDUSTRIAL E|38.22|UN|872.90|6102|00|806.17|12.00|96.74|0.00|0.00|0.00|0.00|0.00|0.00|
|C170|2|PROD007|PARTE SOBRESSALENTE G|30.08|UN|4159.14|6102|00|3728.24|12.00|447.39|0.00|0.00|0.00|0.00|0.00|0.00|
|C100|1|0|11223344000166|55|00|000000003|000|04032024|06032024|5070.92|204.57|24.55|0.00|0.00|0.00|0.00|0.00|0.00|0.00|0|77788899000177|
|C170|1|PROD005|INSUMO INDUSTRIAL E|10.65|UN|208.19|5401|00|204.57|12.00|24.55|0.00|0.00|0.00|0.00|0.00|0.00|
|C170|2|PROD008|CONJUNTO MONTADO H|4.36|UN|4862.73|5401|30|0.00|12.00|0.00|0.00|0.00|0.00|0.00|0.00|0.00|
|C100|1|0|11223344000166|55|00|000000004|000|29032024|30032024|28331.32|23484.14|2818.09|0.00|0.00|0.00|0.00|0.00|0.00|0.00|0|22244466000133|
|C170|1|PROD004|PRODUTO ACABADO D|30.27|UN|19312.40|5102|20|17234.85|12.00|2068.18|0.00|0.00|0.00|0.00|0.00|0.00|
|C170|2|PROD002|COMPONENTE ELETRICO B|40.87|UN|2098.62|5102|40|0.00|12.00|0.00|0.00|0.00|0.00|0.00|0.00|0.00|
|C170|3|PROD003|MATERIAL BRUTO C|28.33|UN|6301.62|5102|10|6249.29|12.00|749.91|0.00|0.00|0.00|0.00|0.00|0.00|
|C170|4|PROD001|PECA MECANICA TIPO A|11.26|UN|618.68|5102|30|0.00|12.00|0.00|0.00|0.00|0.00|0.00|0.00|0.00|
|C100|1|0|11223344000166|55|00|000000005|000|10032024|12032024|14884.40|13368.64|1604.24|0.00|0.00|0.00|0.00|0.00|0.00|0.00|0|33366699000100|
|C170|1|PROD005|INSUMO INDUSTRIAL E|10.77|UN|244.28|6102|00|241.53|12.00|28.98|0.00|0.00|0.00|0.00|0.00|0.00|
|C170|2|PROD003|MATERIAL BRUTO C|28.11|UN|7842.98|6102|00|7641.14|12.00|916.94|0.00|0.00|0.00|0.00|0.00|0.00|
|C170|3|PROD005|INSUMO INDUSTRIAL E|23.43|UN|387.93|6102|30|0.00|12.00|0.00|0.00|0.00|0.00|0.00|0.00|0.00|
|C170|4|PROD003|MATERIAL BRUTO C|22.17|UN|6409.21|6102|10|5485.97|12.00|658.32|0.00|0.00|0.00|0.00|0.00|0.00|
|C100|1|0|11223344000166|55|00|000000006|000|30032024|30032024|13869.58|11609.77|1393.17|0.00|0.00|0.00|0.00|0.00|0.00|0.00|0|33366699000100|
|C170|1|PROD002|COMPONENTE ELETRICO B|15.84|UN|547.89|5101|41|0.00|12.00|0.00|0.00|0.00|0.00|0.00|0.00|0.00|
|C170|2|PROD004|PRODUTO ACABADO D|24.10|UN|13321.69|5101|00|11609.77|12.00|1393.17|0.00|0.00|0.00|0.00|0.00|0.00|
|C100|1|0|11223344000166|55|00|000000007|000|11032024|13032024|3933.10|344.98|41.40|0.00|0.00|0.00|0.00|0.00|0.00|0.00|0|55512312300010|
|C170|1|PROD006|EMBALAGEM PADRAO F|5.92|UN|39.28|5102|00|38.76|12.00|4.65|0.00|0.00|0.00|0.00|0.00|0.00|
|C170|2|PROD007|PARTE SOBRESSALENTE G|29.96|UN|3574.11|5102|40|0.00|12.00|0.00|0.00|0.00|0.00|0.00|0.00|0.00|
|C170|3|PROD002|COMPONENTE ELETRICO B|8.32|UN|319.71|5102|00|306.22|12.00|36.75|0.00|0.00|0.00|0.00|0.00|0.00|
|C100|1|0|11223344000166|55|00|000000008|000|28032024|28032024|56095.11|41658.22|4998.98|0.00|0.00|0.00|0.00|0.00|0.00|0.00|0|99900011000155|
|C170|1|PROD005|INSUMO INDUSTRIAL E|49.96|UN|1571.74|5403|90|1477.20|12.00|177.26|0.00|0.00|0.00|0.00|0.00|0.00|
|C170|2|PROD003|MATERIAL BRUTO C|34.24|UN|7743.94|5403|40|0.00|12.00|0.00|0.00|0.00|0.00|0.00|0.00|0.00|
|C170|3|PROD006|EMBALAGEM PADRAO F|34.12|UN|198.60|5403|51|181.73|12.00|21.81|0.00|0.00|0.00|0.00|0.00|0.00|
|C170|4|PROD008|CONJUNTO MONTADO H|41.92|UN|46580.83|5403|20|39999.29|12.00|4799.91|0.00|0.00|0.00|0.00|0.00|0.00|
|C100|1|0|11223344000166|55|00|000000009|000|18032024|19032024|59061.58|45210.29|5425.23|0.00|0.00|0.00|0.00|0.00|0.00|0.00|0|77788899000177|
|C170|1|PROD008|CONJUNTO MONTADO H|39.51|UN|47607.59|5401|00|45121.34|12.00|5414.56|0.00|0.00|0.00|0.00|0.00|0.00|
|C170|2|PROD005|INSUMO INDUSTRIAL E|3.56|UN|104.41|5401|00|88.95|12.00|10.67|0.00|0.00|0.00|0.00|0.00|0.00|
|C170|3|PROD002|COMPONENTE ELETRICO B|17.02|UN|542.69|5401|50|0.00|12.00|0.00|0.00|0.00|0.00|0.00|0.00|0.00|
|C170|4|PROD003|MATERIAL BRUTO C|36.82|UN|10806.89|5401|70|0.00|12.00|0.00|0.00|0.00|0.00|0.00|0.00|0.00|
|C100|1|0|11223344000166|55|00|000000010|000|18032024|21032024|220.85|202.69|24.32|0.00|0.00|0.00|0.00|0.00|0.00|0.00|0|22244466000133|
|C170|1|PROD006|EMBALAGEM PADRAO F|42.88|UN|220.85|5101|20|202.69|12.00|24.32|0.00|0.00|0.00|0.00|0.00|0.00|
|C100|1|0|11223344000166|55|00|000000011|000|10032024|13032024|410.82|0.00|0.00|0.00|0.00|0.00|0.00|0.00|0.00|0.00|0|77788899000177|
|C170|1|PROD005|INSUMO INDUSTRIAL E|20.38|UN|410.82|5101|70|0.00|12.00|0.00|0.00|0.00|0.00|0.00|0.00|0.00|
|C100|1|0|11223344000166|55|00|000000012|000|26032024|28032024|36977.70|149.10|17.89|0.00|0.00|0.00|0.00|0.00|0.00|0.00|0|22244466000133|
|C170|1|PROD002|COMPONENTE ELETRICO B|3.12|UN|170.36|5403|20|149.10|12.00|17.89|0.00|0.00|0.00|0.00|0.00|0.00|
|C170|2|PROD008|CONJUNTO MONTADO H|28.61|UN|36807.34|5403|40|0.00|12.00|0.00|0.00|0.00|0.00|0.00|0.00|0.00|
|C100|1|0|11223344000166|55|00|000000013|000|24032024|25032024|6512.33|2964.68|355.76|0.00|0.00|0.00|0.00|0.00|0.00|0.00|0|99900011000155|
|C170|1|PROD005|INSUMO INDUSTRIAL E|39.38|UN|1191.64|6102|00|1024.70|12.00|122.96|0.00|0.00|0.00|0.00|0.00|0.00|
|C170|2|PROD001|PECA MECANICA TIPO A|29.76|UN|2241.45|6102|10|1939.98|12.00|232.80|0.00|0.00|0.00|0.00|0.00|0.00|
|C170|3|PROD004|PRODUTO ACABADO D|4.80|UN|3079.24|6102|40|0.00|12.00|0.00|0.00|0.00|0.00|0.00|0.00|0.00|
|C100|1|0|11223344000166|55|00|000000014|000|10032024|11032024|85524.81|31524.78|3782.98|0.00|0.00|0.00|0.00|0.00|0.00|0.00|0|77788899000177|
|C170|1|PROD003|MATERIAL BRUTO C|6.55|UN|1414.75|6101|00|1301.24|12.00|156.15|0.00|0.00|0.00|0.00|0.00|0.00|
|C170|2|PROD006|EMBALAGEM PADRAO F|19.89|UN|228.16|6101|00|214.89|12.00|25.79|0.00|0.00|0.00|0.00|0.00|0.00|
|C170|3|PROD004|PRODUTO ACABADO D|34.40|UN|33658.73|6101|00|30008.65|12.00|3601.04|0.00|0.00|0.00|0.00|0.00|0.00|
|C170|4|PROD008|CONJUNTO MONTADO H|47.41|UN|50223.17|6101|60|0.00|12.00|0.00|0.00|0.00|0.00|0.00|0.00|0.00|
|C100|1|0|11223344000166|55|00|000000015|000|13032024|13032024|1747.55|1629.10|195.49|0.00|0.00|0.00|0.00|0.00|0.00|0.00|0|33366699000100|
|C170|1|PROD005|INSUMO INDUSTRIAL E|28.41|UN|470.54|5101|00|421.99|12.00|50.64|0.00|0.00|0.00|0.00|0.00|0.00|
|C170|2|PROD002|COMPONENTE ELETRICO B|17.67|UN|1277.01|5101|00|1207.11|12.00|144.85|0.00|0.00|0.00|0.00|0.00|0.00|
|C100|1|0|11223344000166|55|00|000000016|000|24032024|25032024|36056.19|34627.17|4155.26|0.00|0.00|0.00|0.00|0.00|0.00|0.00|0|33366699000100|
|C170|1|PROD004|PRODUTO ACABADO D|48.69|UN|36056.19|5102|00|34627.17|12.00|4155.26|0.00|0.00|0.00|0.00|0.00|0.00|
|C100|1|0|11223344000166|55|00|000000017|000|25032024|25032024|58954.50|2440.50|292.86|0.00|0.00|0.00|0.00|0.00|0.00|0.00|0|22244466000133|
|C170|1|PROD007|PARTE SOBRESSALENTE G|17.74|UN|2593.44|5102|51|2440.50|12.00|292.86|0.00|0.00|0.00|0.00|0.00|0.00|
|C170|2|PROD004|PRODUTO ACABADO D|49.22|UN|26015.72|5102|60|0.00|12.00|0.00|0.00|0.00|0.00|0.00|0.00|0.00|
|C170|3|PROD008|CONJUNTO MONTADO H|31.29|UN|30269.21|5102|30|0.00|12.00|0.00|0.00|0.00|0.00|0.00|0.00|0.00|
|C170|4|PROD006|EMBALAGEM PADRAO F|13.79|UN|76.13|5102|50|0.00|12.00|0.00|0.00|0.00|0.00|0.00|0.00|0.00|
|C100|1|0|11223344000166|55|00|000000018|000|20032024|23032024|4281.11|3998.44|479.81|0.00|0.00|0.00|0.00|0.00|0.00|0.00|0|77788899000177|
|C170|1|PROD001|PECA MECANICA TIPO A|37.43|UN|4002.07|5101|10|3725.19|12.00|447.02|0.00|0.00|0.00|0.00|0.00|0.00|
|C170|2|PROD006|EMBALAGEM PADRAO F|40.15|UN|279.04|5101|00|273.25|12.00|32.79|0.00|0.00|0.00|0.00|0.00|0.00|
|C100|1|0|11223344000166|55|00|000000019|000|06032024|06032024|2955.31|1873.63|224.84|0.00|0.00|0.00|0.00|0.00|0.00|0.00|0|55512312300010|
|C170|1|PROD007|PARTE SOBRESSALENTE G|5.63|UN|608.04|6102|60|0.00|12.00|0.00|0.00|0.00|0.00|0.00|0.00|0.00|
|C170|2|PROD006|EMBALAGEM PADRAO F|23.94|UN|227.92|6102|10|226.40|12.00|27.17|0.00|0.00|0.00|0.00|0.00|0.00|
|C170|3|PROD005|INSUMO INDUSTRIAL E|45.75|UN|944.74|6102|00|848.47|12.00|101.82|0.00|0.00|0.00|0.00|0.00|0.00|
|C170|4|PROD006|EMBALAGEM PADRAO F|35.42|UN|339.29|6102|60|0.00|12.00|0.00|0.00|0.00|0.00|0.00|0.00|0.00|
|C170|5|PROD002|COMPONENTE ELETRICO B|10.42|UN|835.32|6102|00|798.76|12.00|95.85|0.00|0.00|0.00|0.00|0.00|0.00|
|C100|1|0|11223344000166|55|00|000000020|000|06032024|07032024|5743.19|2550.38|306.05|0.00|0.00|0.00|0.00|0.00|0.00|0.00|0|99900011000155|
|C170|1|PROD005|INSUMO INDUSTRIAL E|36.47|UN|576.21|5101|30|0.00|12.00|0.00|0.00|0.00|0.00|0.00|0.00|0.00|
|C170|2|PROD006|EMBALAGEM PADRAO F|28.31|UN|272.87|5101|40|0.00|12.00|0.00|0.00|0.00|0.00|0.00|0.00|0.00|
|C170|3|PROD001|PECA MECANICA TIPO A|36.82|UN|1976.39|5101|30|0.00|12.00|0.00|0.00|0.00|0.00|0.00|0.00|0.00|
|C170|4|PROD001|PECA MECANICA TIPO A|37.23|UN|2917.72|5101|90|2550.38|12.00|306.05|0.00|0.00|0.00|0.00|0.00|0.00|
|C100|1|0|11223344000166|55|00|000000021|000|13032024|14032024|20.50|18.40|2.21|0.00|0.00|0.00|0.00|0.00|0.00|0.00|0|77788899000177|
|C170|1|PROD006|EMBALAGEM PADRAO F|3.14|UN|20.50|5401|10|18.40|12.00|2.21|0.00|0.00|0.00|0.00|0.00|0.00|
|C100|1|0|11223344000166|55|00|000000022|000|10032024|11032024|51244.55|27275.46|3273.06|0.00|0.00|0.00|0.00|0.00|0.00|0.00|0|77788899000177|
|C170|1|PROD004|PRODUTO ACABADO D|44.77|UN|22512.82|5401|40|0.00|12.00|0.00|0.00|0.00|0.00|0.00|0.00|0.00|
|C170|2|PROD007|PARTE SOBRESSALENTE G|21.53|UN|2487.33|5401|10|2267.17|12.00|272.06|0.00|0.00|0.00|0.00|0.00|0.00|
|C170|3|PROD003|MATERIAL BRUTO C|39.90|UN|11305.55|5401|00|10492.05|12.00|1259.05|0.00|0.00|0.00|0.00|0.00|0.00|
|C170|4|PROD003|MATERIAL BRUTO C|48.54|UN|14938.85|5401|00|14516.24|12.00|1741.95|0.00|0.00|0.00|0.00|0.00|0.00|
|C100|1|0|11223344000166|55|00|000000023|000|01032024|04032024|37246.71|35493.69|4259.24|0.00|0.00|0.00|0.00|0.00|0.00|0.00|0|55512312300010|
|C170|1|PROD001|PECA MECANICA TIPO A|9.57|UN|910.49|5102|40|0.00|12.00|0.00|0.00|0.00|0.00|0.00|0.00|0.00|
|C170|2|PROD004|PRODUTO ACABADO D|29.09|UN|19809.91|5102|00|19541.20|12.00|2344.94|0.00|0.00|0.00|0.00|0.00|0.00|
|C170|3|PROD008|CONJUNTO MONTADO H|12.17|UN|16526.31|5102|00|15952.49|12.00|1914.30|0.00|0.00|0.00|0.00|0.00|0.00|
|C100|1|0|11223344000166|55|00|000000024|000|15032024|18032024|62107.86|1121.14|134.54|0.00|0.00|0.00|0.00|0.00|0.00|0.00|0|33366699000100|
|C170|1|PROD008|CONJUNTO MONTADO H|25.59|UN|18572.62|5403|60|0.00|12.00|0.00|0.00|0.00|0.00|0.00|0.00|0.00|
|C170|2|PROD008|CONJUNTO MONTADO H|35.61|UN|40901.84|5403|60|0.00|12.00|0.00|0.00|0.00|0.00|0.00|0.00|0.00|
|C170|3|PROD002|COMPONENTE ELETRICO B|23.58|UN|1158.96|5403|00|1121.14|12.00|134.54|0.00|0.00|0.00|0.00|0.00|0.00|
|C170|4|PROD005|INSUMO INDUSTRIAL E|39.27|UN|1474.44|5403|40|0.00|12.00|0.00|0.00|0.00|0.00|0.00|0.00|0.00|
|C100|1|0|11223344000166|55|00|000000025|000|21032024|21032024|4346.64|0.00|0.00|0.00|0.00|0.00|0.00|0.00|0.00|0.00|0|33366699000100|
|C170|1|PROD002|COMPONENTE ELETRICO B|41.45|UN|3038.82|5101|41|0.00|12.00|0.00|0.00|0.00|0.00|0.00|0.00|0.00|
|C170|2|PROD005|INSUMO INDUSTRIAL E|35.56|UN|1307.82|5101|40|0.00|12.00|0.00|0.00|0.00|0.00|0.00|0.00|0.00|
|C100|1|0|11223344000166|55|00|000000026|000|04032024|06032024|74640.58|40483.57|4858.03|0.00|0.00|0.00|0.00|0.00|0.00|0.00|0|33366699000100|
|C170|1|PROD008|CONJUNTO MONTADO H|37.90|UN|36368.11|6102|00|33922.23|12.00|4070.67|0.00|0.00|0.00|0.00|0.00|0.00|
|C170|2|PROD008|CONJUNTO MONTADO H|44.60|UN|31227.07|6102|40|0.00|12.00|0.00|0.00|0.00|0.00|0.00|0.00|0.00|
|C170|3|PROD002|COMPONENTE ELETRICO B|28.71|UN|2323.05|6102|10|2253.99|12.00|270.48|0.00|0.00|0.00|0.00|0.00|0.00|
|C170|4|PROD007|PARTE SOBRESSALENTE G|30.46|UN|4153.12|6102|00|3776.67|12.00|453.20|0.00|0.00|0.00|0.00|0.00|0.00|
|C170|5|PROD007|PARTE SOBRESSALENTE G|5.60|UN|569.23|6102|00|530.68|12.00|63.68|0.00|0.00|0.00|0.00|0.00|0.00|
|C100|1|0|11223344000166|55|00|000000027|000|10032024|12032024|61543.06|51877.08|6225.24|0.00|0.00|0.00|0.00|0.00|0.00|0.00|0|55512312300010|
|C170|1|PROD004|PRODUTO ACABADO D|16.04|UN|11809.13|5102|00|10889.59|12.00|1306.75|0.00|0.00|0.00|0.00|0.00|0.00|
|C170|2|PROD004|PRODUTO ACABADO D|30.41|UN|25808.92|5102|00|23085.95|12.00|2770.31|0.00|0.00|0.00|0.00|0.00|0.00|
|C170|3|PROD005|INSUMO INDUSTRIAL E|46.70|UN|1033.58|5102|40|0.00|12.00|0.00|0.00|0.00|0.00|0.00|0.00|0.00|
|C170|4|PROD007|PARTE SOBRESSALENTE G|27.75|UN|3203.41|5102|60|0.00|12.00|0.00|0.00|0.00|0.00|0.00|0.00|0.00|
|C170|5|PROD004|PRODUTO ACABADO D|28.89|UN|19688.02|5102|00|17901.54|12.00|2148.18|0.00|0.00|0.00|0.00|0.00|0.00|
|C100|1|0|11223344000166|55|00|000000028|000|03032024|06032024|8453.88|6902.10|828.25|0.00|0.00|0.00|0.00|0.00|0.00|0.00|0|33366699000100|
|C170|1|PROD004|PRODUTO ACABADO D|3.56|UN|3166.44|5401|00|3101.34|12.00|372.16|0.00|0.00|0.00|0.00|0.00|0.00|
|C170|2|PROD006|EMBALAGEM PADRAO F|15.55|UN|146.76|5401|90|142.92|12.00|17.15|0.00|0.00|0.00|0.00|0.00|0.00|
|C170|3|PROD001|PECA MECANICA TIPO A|48.74|UN|3950.38|5401|90|3554.69|12.00|426.56|0.00|0.00|0.00|0.00|0.00|0.00|
|C170|4|PROD002|COMPONENTE ELETRICO B|2.28|UN|106.71|5401|10|103.15|12.00|12.38|0.00|0.00|0.00|0.00|0.00|0.00|
|C170|5|PROD005|INSUMO INDUSTRIAL E|44.57|UN|1083.59|5401|40|0.00|12.00|0.00|0.00|0.00|0.00|0.00|0.00|0.00|
|C100|1|0|11223344000166|55|00|000000029|000|18032024|21032024|3656.87|3182.46|381.89|0.00|0.00|0.00|0.00|0.00|0.00|0.00|0|55512312300010|
|C170|1|PROD006|EMBALAGEM PADRAO F|11.25|UN|71.87|5102|00|66.87|12.00|8.02|0.00|0.00|0.00|0.00|0.00|0.00|
|C170|2|PROD007|PARTE SOBRESSALENTE G|33.13|UN|3585.00|5102|51|3115.59|12.00|373.87|0.00|0.00|0.00|0.00|0.00|0.00|
|C100|1|0|11223344000166|55|00|000000030|000|09032024|09032024|18087.23|2243.87|269.26|0.00|0.00|0.00|0.00|0.00|0.00|0.00|0|22244466000133|
|C170|1|PROD004|PRODUTO ACABADO D|26.98|UN|15735.41|5403|70|0.00|12.00|0.00|0.00|0.00|0.00|0.00|0.00|0.00|
|C170|2|PROD007|PARTE SOBRESSALENTE G|17.65|UN|2351.82|5403|00|2243.87|12.00|269.26|0.00|0.00|0.00|0.00|0.00|0.00|
|C100|1|0|11223344000166|55|00|000000031|000|19032024|20032024|997.79|879.04|105.48|0.00|0.00|0.00|0.00|0.00|0.00|0.00|0|99900011000155|
|C170|1|PROD005|INSUMO INDUSTRIAL E|38.61|UN|997.79|5102|90|879.04|12.00|105.48|0.00|0.00|0.00|0.00|0.00|0.00|
|C100|1|0|11223344000166|55|00|000000032|000|05032024|07032024|28422.09|7694.50|923.35|0.00|0.00|0.00|0.00|0.00|0.00|0.00|0|99900011000155|
|C170|1|PROD001|PECA MECANICA TIPO A|31.47|UN|3729.47|5403|20|3470.55|12.00|416.47|0.00|0.00|0.00|0.00|0.00|0.00|
|C170|2|PROD007|PARTE SOBRESSALENTE G|11.84|UN|1481.19|5403|51|1434.48|12.00|172.14|0.00|0.00|0.00|0.00|0.00|0.00|
|C170|3|PROD004|PRODUTO ACABADO D|2.05|UN|1664.91|5403|30|0.00|12.00|0.00|0.00|0.00|0.00|0.00|0.00|0.00|
|C170|4|PROD004|PRODUTO ACABADO D|36.07|UN|18599.96|5403|70|0.00|12.00|0.00|0.00|0.00|0.00|0.00|0.00|0.00|
|C170|5|PROD007|PARTE SOBRESSALENTE G|29.88|UN|2946.56|5403|20|2789.47|12.00|334.74|0.00|0.00|0.00|0.00|0.00|0.00|
|C100|1|0|11223344000166|55|00|000000033|000|02032024|03032024|16097.27|2733.44|328.01|0.00|0.00|0.00|0.00|0.00|0.00|0.00|0|55512312300010|
|C170|1|PROD001|PECA MECANICA TIPO A|26.66|UN|2949.15|5101|00|2733.44|12.00|328.01|0.00|0.00|0.00|0.00|0.00|0.00|
|C170|2|PROD003|MATERIAL BRUTO C|32.39|UN|8205.94|5101|50|0.00|12.00|0.00|0.00|0.00|0.00|0.00|0.00|0.00|
|C170|3|PROD005|INSUMO INDUSTRIAL E|23.25|UN|532.63|5101|30|0.00|12.00|0.00|0.00|0.00|0.00|0.00|0.00|0.00|
|C170|4|PROD007|PARTE SOBRESSALENTE G|20.08|UN|1894.87|5101|41|0.00|12.00|0.00|0.00|0.00|0.00|0.00|0.00|0.00|
|C170|5|PROD002|COMPONENTE ELETRICO B|44.80|UN|2514.68|5101|30|0.00|12.00|0.00|0.00|0.00|0.00|0.00|0.00|0.00|
|C100|1|0|11223344000166|55|00|000000034|000|03032024|06032024|246.54|233.82|28.06|0.00|0.00|0.00|0.00|0.00|0.00|0.00|0|55512312300010|
|C170|1|PROD006|EMBALAGEM PADRAO F|22.45|UN|246.54|6101|00|233.82|12.00|28.06|0.00|0.00|0.00|0.00|0.00|0.00|
|C100|1|0|11223344000166|55|00|000000035|000|12032024|15032024|69000.30|60026.40|7203.17|0.00|0.00|0.00|0.00|0.00|0.00|0.00|0|33366699000100|
|C170|1|PROD008|CONJUNTO MONTADO H|18.68|UN|22887.75|5403|00|20886.15|12.00|2506.34|0.00|0.00|0.00|0.00|0.00|0.00|
|C170|2|PROD003|MATERIAL BRUTO C|48.55|UN|13554.67|5403|20|12352.20|12.00|1482.26|0.00|0.00|0.00|0.00|0.00|0.00|
|C170|3|PROD008|CONJUNTO MONTADO H|41.55|UN|29275.05|5403|10|26788.05|12.00|3214.57|0.00|0.00|0.00|0.00|0.00|0.00|
|C170|4|PROD006|EMBALAGEM PADRAO F|8.80|UN|87.48|5403|60|0.00|12.00|0.00|0.00|0.00|0.00|0.00|0.00|0.00|
|C170|5|PROD001|PECA MECANICA TIPO A|38.53|UN|3195.35|5403|30|0.00|12.00|0.00|0.00|0.00|0.00|0.00|0.00|0.00|
|C100|1|0|11223344000166|55|00|000000036|000|04032024|07032024|5577.70|2998.86|359.87|0.00|0.00|0.00|0.00|0.00|0.00|0.00|0|33366699000100|
|C170|1|PROD005|INSUMO INDUSTRIAL E|26.05|UN|809.77|6101|10|757.57|12.00|90.91|0.00|0.00|0.00|0.00|0.00|0.00|
|C170|2|PROD001|PECA MECANICA TIPO A|20.38|UN|1646.30|6101|00|1472.57|12.00|176.71|0.00|0.00|0.00|0.00|0.00|0.00|
|C170|3|PROD002|COMPONENTE ELETRICO B|45.18|UN|2243.64|6101|60|0.00|12.00|0.00|0.00|0.00|0.00|0.00|0.00|0.00|
|C170|4|PROD005|INSUMO INDUSTRIAL E|31.63|UN|877.99|6101|20|768.72|12.00|92.25|0.00|0.00|0.00|0.00|0.00|0.00|
|C100|1|0|11223344000166|55|00|000000037|000|13032024|16032024|65142.85|62915.99|7549.92|0.00|0.00|0.00|0.00|0.00|0.00|0.00|0|99900011000155|
|C170|1|PROD008|CONJUNTO MONTADO H|42.87|UN|57202.44|5102|00|56448.86|12.00|6773.86|0.00|0.00|0.00|0.00|0.00|0.00|
|C170|2|PROD002|COMPONENTE ELETRICO B|30.72|UN|1776.15|5102|00|1563.01|12.00|187.56|0.00|0.00|0.00|0.00|0.00|0.00|
|C170|3|PROD004|PRODUTO ACABADO D|3.78|UN|3564.02|5102|90|3151.74|12.00|378.21|0.00|0.00|0.00|0.00|0.00|0.00|
|C170|4|PROD007|PARTE SOBRESSALENTE G|6.04|UN|761.39|5102|50|0.00|12.00|0.00|0.00|0.00|0.00|0.00|0.00|0.00|
|C170|5|PROD003|MATERIAL BRUTO C|6.19|UN|1838.85|5102|10|1752.38|12.00|210.29|0.00|0.00|0.00|0.00|0.00|0.00|
|C100|1|0|11223344000166|55|00|000000038|000|11032024|14032024|2566.80|2414.62|289.75|0.00|0.00|0.00|0.00|0.00|0.00|0.00|0|55512312300010|
|C170|1|PROD005|INSUMO INDUSTRIAL E|28.53|UN|755.37|5401|00|653.82|12.00|78.46|0.00|0.00|0.00|0.00|0.00|0.00|
|C170|2|PROD007|PARTE SOBRESSALENTE G|14.95|UN|1630.68|5401|00|1596.01|12.00|191.52|0.00|0.00|0.00|0.00|0.00|0.00|
|C170|3|PROD006|EMBALAGEM PADRAO F|21.88|UN|180.75|5401|10|164.79|12.00|19.77|0.00|0.00|0.00|0.00|0.00|0.00|
|C100|1|0|11223344000166|55|00|000000039|000|04032024|07032024|10044.03|0.00|0.00|0.00|0.00|0.00|0.00|0.00|0.00|0.00|0|22244466000133|
|C170|1|PROD007|PARTE SOBRESSALENTE G|33.98|UN|4385.33|6102|40|0.00|12.00|0.00|0.00|0.00|0.00|0.00|0.00|0.00|
|C170|2|PROD002|COMPONENTE ELETRICO B|26.33|UN|946.41|6102|41|0.00|12.00|0.00|0.00|0.00|0.00|0.00|0.00|0.00|
|C170|3|PROD007|PARTE SOBRESSALENTE G|33.08|UN|4712.29|6102|60|0.00|12.00|0.00|0.00|0.00|0.00|0.00|0.00|0.00|
|C100|1|0|11223344000166|55|00|000000040|000|09032024|12032024|68097.59|65848.37|7901.81|0.00|0.00|0.00|0.00|0.00|0.00|0.00|0|77788899000177|
|C170|1|PROD003|MATERIAL BRUTO C|27.44|UN|6960.77|5401|00|6688.42|12.00|802.61|0.00|0.00|0.00|0.00|0.00|0.00|
|C170|2|PROD008|CONJUNTO MONTADO H|22.03|UN|18403.82|5401|90|18247.71|12.00|2189.73|0.00|0.00|0.00|0.00|0.00|0.00|
|C170|3|PROD008|CONJUNTO MONTADO H|33.15|UN|37020.14|5401|10|35665.90|12.00|4279.91|0.00|0.00|0.00|0.00|0.00|0.00|
|C170|4|PROD003|MATERIAL BRUTO C|12.40|UN|2993.87|5401|10|2689.59|12.00|322.75|0.00|0.00|0.00|0.00|0.00|0.00|
|C170|5|PROD007|PARTE SOBRESSALENTE G|21.99|UN|2718.99|5401|90|2556.75|12.00|306.81|0.00|0.00|0.00|0.00|0.00|0.00|
|C100|1|0|11223344000166|55|00|000000041|000|10032024|10032024|718.80|662.00|79.44|0.00|0.00|0.00|0.00|0.00|0.00|0.00|0|77788899000177|
|C170|1|PROD005|INSUMO INDUSTRIAL E|27.60|UN|610.98|6102|00|610.53|12.00|73.26|0.00|0.00|0.00|0.00|0.00|0.00|
|C170|2|PROD005|INSUMO INDUSTRIAL E|1.81|UN|52.54|6102|00|51.47|12.00|6.18|0.00|0.00|0.00|0.00|0.00|0.00|
|C170|3|PROD006|EMBALAGEM PADRAO F|10.31|UN|55.28|6102|50|0.00|12.00|0.00|0.00|0.00|0.00|0.00|0.00|0.00|
|C100|1|0|11223344000166|55|00|000000042|000|03032024|03032024|16368.87|14149.07|1697.89|0.00|0.00|0.00|0.00|0.00|0.00|0.00|0|33366699000100|
|C170|1|PROD008|CONJUNTO MONTADO H|22.14|UN|16169.06|6101|10|14149.07|12.00|1697.89|0.00|0.00|0.00|0.00|0.00|0.00|
|C170|2|PROD006|EMBALAGEM PADRAO F|35.87|UN|199.81|6101|40|0.00|12.00|0.00|0.00|0.00|0.00|0.00|0.00|0.00|
|C100|1|0|11223344000166|55|00|000000043|000|09032024|12032024|2132.74|1866.85|224.02|0.00|0.00|0.00|0.00|0.00|0.00|0.00|0|22244466000133|
|C170|1|PROD007|PARTE SOBRESSALENTE G|17.80|UN|2132.74|5403|00|1866.85|12.00|224.02|0.00|0.00|0.00|0.00|0.00|0.00|
|C100|1|0|11223344000166|55|00|000000044|000|02032024|02032024|35630.89|0.00|0.00|0.00|0.00|0.00|0.00|0.00|0.00|0.00|0|33366699000100|
|C170|1|PROD008|CONJUNTO MONTADO H|47.90|UN|35630.89|6101|40|0.00|12.00|0.00|0.00|0.00|0.00|0.00|0.00|0.00|
|C100|1|0|11223344000166|55|00|000000045|000|31032024|31032024|61038.56|3374.01|404.88|0.00|0.00|0.00|0.00|0.00|0.00|0.00|0|22244466000133|
|C170|1|PROD002|COMPONENTE ELETRICO B|39.78|UN|3015.02|6102|40|0.00|12.00|0.00|0.00|0.00|0.00|0.00|0.00|0.00|
|C170|2|PROD008|CONJUNTO MONTADO H|44.26|UN|54220.85|6102|40|0.00|12.00|0.00|0.00|0.00|0.00|0.00|0.00|0.00|
|C170|3|PROD001|PECA MECANICA TIPO A|29.54|UN|3125.04|6102|00|2726.44|12.00|327.17|0.00|0.00|0.00|0.00|0.00|0.00|
|C170|4|PROD005|INSUMO INDUSTRIAL E|21.03|UN|677.65|6102|20|647.57|12.00|77.71|0.00|0.00|0.00|0.00|0.00|0.00|
|C100|1|0|11223344000166|55|00|000000046|000|13032024|15032024|73.19|69.68|8.36|0.00|0.00|0.00|0.00|0.00|0.00|0.00|0|33366699000100|
|C170|1|PROD006|EMBALAGEM PADRAO F|13.99|UN|73.19|5401|20|69.68|12.00|8.36|0.00|0.00|0.00|0.00|0.00|0.00|
|C100|1|0|11223344000166|55|00|000000047|000|21032024|23032024|4326.22|0.00|0.00|0.00|0.00|0.00|0.00|0.00|0.00|0.00|0|77788899000177|
|C170|1|PROD002|COMPONENTE ELETRICO B|47.98|UN|3088.60|6101|50|0.00|12.00|0.00|0.00|0.00|0.00|0.00|0.00|0.00|
|C170|2|PROD002|COMPONENTE ELETRICO B|39.38|UN|1237.62|6101|50|0.00|12.00|0.00|0.00|0.00|0.00|0.00|0.00|0.00|
|C100|1|0|11223344000166|55|00|000000048|000|31032024|01042024|23000.11|19970.78|2396.49|0.00|0.00|0.00|0.00|0.00|0.00|0.00|0|33366699000100|
|C170|1|PROD002|COMPONENTE ELETRICO B|43.09|UN|1771.94|5401|50|0.00|12.00|0.00|0.00|0.00|0.00|0.00|0.00|0.00|
|C170|2|PROD003|MATERIAL BRUTO C|2.96|UN|940.38|5401|20|913.91|12.00|109.67|0.00|0.00|0.00|0.00|0.00|0.00|
|C170|3|PROD008|CONJUNTO MONTADO H|16.00|UN|12151.84|5401|20|11941.78|12.00|1433.01|0.00|0.00|0.00|0.00|0.00|0.00|
|C170|4|PROD008|CONJUNTO MONTADO H|8.46|UN|7613.30|5401|10|7115.09|12.00|853.81|0.00|0.00|0.00|0.00|0.00|0.00|
|C170|5|PROD005|INSUMO INDUSTRIAL E|15.99|UN|522.65|5401|50|0.00|12.00|0.00|0.00|0.00|0.00|0.00|0.00|0.00|
|C100|1|0|11223344000166|55|00|000000049|000|16032024|16032024|25558.16|24172.46|2900.70|0.00|0.00|0.00|0.00|0.00|0.00|0.00|0|33366699000100|
|C170|1|PROD006|EMBALAGEM PADRAO F|28.11|UN|173.97|5403|50|0.00|12.00|0.00|0.00|0.00|0.00|0.00|0.00|0.00|
|C170|2|PROD004|PRODUTO ACABADO D|20.58|UN|18646.18|5403|00|17996.21|12.00|2159.55|0.00|0.00|0.00|0.00|0.00|0.00|
|C170|3|PROD006|EMBALAGEM PADRAO F|33.78|UN|391.52|5403|10|334.53|12.00|40.14|0.00|0.00|0.00|0.00|0.00|0.00|
|C170|4|PROD004|PRODUTO ACABADO D|5.21|UN|3346.99|5403|51|2851.91|12.00|342.23|0.00|0.00|0.00|0.00|0.00|0.00|
|C170|5|PROD003|MATERIAL BRUTO C|14.82|UN|2999.50|5403|00|2989.81|12.00|358.78|0.00|0.00|0.00|0.00|0.00|0.00|
|C100|1|0|11223344000166|55|00|000000050|000|15032024|17032024|876.84|0.00|0.00|0.00|0.00|0.00|0.00|0.00|0.00|0.00|0|77788899000177|
|C170|1|PROD001|PECA MECANICA TIPO A|9.35|UN|876.84|6101|40|0.00|12.00|0.00|0.00|0.00|0.00|0.00|0.00|0.00|
|C100|1|0|11223344000166|55|00|000000051|000|04032024|05032024|14046.41|0.00|0.00|0.00|0.00|0.00|0.00|0.00|0.00|0.00|0|77788899000177|
|C170|1|PROD003|MATERIAL BRUTO C|5.77|UN|1228.14|6101|40|0.00|12.00|0.00|0.00|0.00|0.00|0.00|0.00|0.00|
|C170|2|PROD001|PECA MECANICA TIPO A|37.49|UN|3773.09|6101|50|0.00|12.00|0.00|0.00|0.00|0.00|0.00|0.00|0.00|
|C170|3|PROD004|PRODUTO ACABADO D|15.56|UN|9045.18|6101|40|0.00|12.00|0.00|0.00|0.00|0.00|0.00|0.00|0.00|
|C100|1|0|11223344000166|55|00|000000052|000|25032024|26032024|8913.10|7308.57|877.03|0.00|0.00|0.00|0.00|0.00|0.00|0.00|0|33366699000100|
|C170|1|PROD004|PRODUTO ACABADO D|8.61|UN|7745.85|5401|10|7308.57|12.00|877.03|0.00|0.00|0.00|0.00|0.00|0.00|
|C170|2|PROD005|INSUMO INDUSTRIAL E|29.69|UN|1167.25|5401|40|0.00|12.00|0.00|0.00|0.00|0.00|0.00|0.00|0.00|
|C100|1|0|11223344000166|55|00|000000053|000|31032024|02042024|30063.13|27000.30|3240.04|0.00|0.00|0.00|0.00|0.00|0.00|0.00|0|33366699000100|
|C170|1|PROD008|CONJUNTO MONTADO H|33.49|UN|26727.70|5101|00|24057.54|12.00|2886.90|0.00|0.00|0.00|0.00|0.00|0.00|
|C170|2|PROD006|EMBALAGEM PADRAO F|16.02|UN|170.98|5101|41|0.00|12.00|0.00|0.00|0.00|0.00|0.00|0.00|0.00|
|C170|3|PROD005|INSUMO INDUSTRIAL E|32.55|UN|1126.01|5101|00|959.07|12.00|115.09|0.00|0.00|0.00|0.00|0.00|0.00|
|C170|4|PROD005|INSUMO INDUSTRIAL E|12.53|UN|423.64|5101|20|390.48|12.00|46.86|0.00|0.00|0.00|0.00|0.00|0.00|
|C170|5|PROD002|COMPONENTE ELETRICO B|33.20|UN|1614.80|5101|90|1593.21|12.00|191.19|0.00|0.00|0.00|0.00|0.00|0.00|
|C100|1|0|11223344000166|55|00|000000054|000|07032024|09032024|69228.56|61167.52|7340.10|0.00|0.00|0.00|0.00|0.00|0.00|0.00|0|77788899000177|
|C170|1|PROD007|PARTE SOBRESSALENTE G|9.74|UN|1082.02|5102|40|0.00|12.00|0.00|0.00|0.00|0.00|0.00|0.00|0.00|
|C170|2|PROD008|CONJUNTO MONTADO H|37.15|UN|33486.91|5102|00|29943.67|12.00|3593.24|0.00|0.00|0.00|0.00|0.00|0.00|
|C170|3|PROD008|CONJUNTO MONTADO H|30.07|UN|34659.63|5102|00|31223.85|12.00|3746.86|0.00|0.00|0.00|0.00|0.00|0.00|
|C100|1|0|11223344000166|55|00|000000055|000|10032024|12032024|6330.24|2148.40|257.81|0.00|0.00|0.00|0.00|0.00|0.00|0.00|0|33366699000100|
|C170|1|PROD005|INSUMO INDUSTRIAL E|6.92|UN|109.96|5102|30|0.00|12.00|0.00|0.00|0.00|0.00|0.00|0.00|0.00|
|C170|2|PROD002|COMPONENTE ELETRICO B|35.01|UN|1667.78|5102|60|0.00|12.00|0.00|0.00|0.00|0.00|0.00|0.00|0.00|
|C170|3|PROD002|COMPONENTE ELETRICO B|49.43|UN|2312.78|5102|00|2148.40|12.00|257.81|0.00|0.00|0.00|0.00|0.00|0.00|
|C170|4|PROD006|EMBALAGEM PADRAO F|21.97|UN|191.17|5102|40|0.00|12.00|0.00|0.00|0.00|0.00|0.00|0.00|0.00|
|C170|5|PROD001|PECA MECANICA TIPO A|22.60|UN|2048.55|5102|30|0.00|12.00|0.00|0.00|0.00|0.00|0.00|0.00|0.00|
|C100|1|0|11223344000166|55|00|000000056|000|13032024|13032024|7183.73|3838.63|460.63|0.00|0.00|0.00|0.00|0.00|0.00|0.00|0|22244466000133|
|C170|1|PROD005|INSUMO INDUSTRIAL E|16.03|UN|492.53|5403|00|480.01|12.00|57.60|0.00|0.00|0.00|0.00|0.00|0.00|
|C170|2|PROD001|PECA MECANICA TIPO A|11.73|UN|1389.66|5403|30|0.00|12.00|0.00|0.00|0.00|0.00|0.00|0.00|0.00|
|C170|3|PROD007|PARTE SOBRESSALENTE G|37.39|UN|3639.54|5403|10|3358.62|12.00|403.03|0.00|0.00|0.00|0.00|0.00|0.00|
|C170|4|PROD001|PECA MECANICA TIPO A|11.98|UN|1259.40|5403|40|0.00|12.00|0.00|0.00|0.00|0.00|0.00|0.00|0.00|
|C170|5|PROD002|COMPONENTE ELETRICO B|8.35|UN|402.60|5403|40|0.00|12.00|0.00|0.00|0.00|0.00|0.00|0.00|0.00|
|C100|1|0|11223344000166|55|00|000000057|000|29032024|29032024|39215.21|33992.37|4079.09|0.00|0.00|0.00|0.00|0.00|0.00|0.00|0|33366699000100|
|C170|1|PROD007|PARTE SOBRESSALENTE G|23.50|UN|3562.62|5101|60|0.00|12.00|0.00|0.00|0.00|0.00|0.00|0.00|0.00|
|C170|2|PROD004|PRODUTO ACABADO D|47.01|UN|35374.93|5101|10|33744.14|12.00|4049.30|0.00|0.00|0.00|0.00|0.00|0.00|
|C170|3|PROD005|INSUMO INDUSTRIAL E|15.78|UN|277.66|5101|10|248.23|12.00|29.79|0.00|0.00|0.00|0.00|0.00|0.00|
|C100|1|0|11223344000166|55|00|000000058|000|17032024|20032024|158.78|0.00|0.00|0.00|0.00|0.00|0.00|0.00|0.00|0.00|0|55512312300010|
|C170|1|PROD007|PARTE SOBRESSALENTE G|1.91|UN|158.78|6102|41|0.00|12.00|0.00|0.00|0.00|0.00|0.00|0.00|0.00|
|C100|1|0|11223344000166|55|00|000000059|000|29032024|29032024|27135.23|364.31|43.72|0.00|0.00|0.00|0.00|0.00|0.00|0.00|0|55512312300010|
|C170|1|PROD006|EMBALAGEM PADRAO F|48.59|UN|400.83|5102|00|364.31|12.00|43.72|0.00|0.00|0.00|0.00|0.00|0.00|
|C170|2|PROD007|PARTE SOBRESSALENTE G|7.32|UN|950.58|5102|41|0.00|12.00|0.00|0.00|0.00|0.00|0.00|0.00|0.00|
|C170|3|PROD004|PRODUTO ACABADO D|27.98|UN|25783.82|5102|40|0.00|12.00|0.00|0.00|0.00|0.00|0.00|0.00|0.00|
|C100|1|0|11223344000166|55|00|000000060|000|14032024|14032024|28067.09|0.00|0.00|0.00|0.00|0.00|0.00|0.00|0.00|0.00|0|77788899000177|
|C170|1|PROD008|CONJUNTO MONTADO H|30.78|UN|28067.09|6102|40|0.00|12.00|0.00|0.00|0.00|0.00|0.00|0.00|0.00|
|C100|1|0|11223344000166|55|00|000000061|000|21032024|23032024|13590.29|6494.10|779.29|0.00|0.00|0.00|0.00|0.00|0.00|0.00|0|33366699000100|
|C170|1|PROD002|COMPONENTE ELETRICO B|43.82|UN|3087.40|6102|50|0.00|12.00|0.00|0.00|0.00|0.00|0.00|0.00|0.00|
|C170|2|PROD005|INSUMO INDUSTRIAL E|24.01|UN|414.17|6102|40|0.00|12.00|0.00|0.00|0.00|0.00|0.00|0.00|0.00|
|C170|3|PROD003|MATERIAL BRUTO C|11.27|UN|3197.30|6102|41|0.00|12.00|0.00|0.00|0.00|0.00|0.00|0.00|0.00|
|C170|4|PROD004|PRODUTO ACABADO D|7.13|UN|5225.28|6102|00|4865.77|12.00|583.89|0.00|0.00|0.00|0.00|0.00|0.00|
|C170|5|PROD001|PECA MECANICA TIPO A|20.74|UN|1666.14|6102|10|1628.33|12.00|195.40|0.00|0.00|0.00|0.00|0.00|0.00|
|C100|1|0|11223344000166|55|00|000000062|000|25032024|27032024|27917.06|24698.82|2963.86|0.00|0.00|0.00|0.00|0.00|0.00|0.00|0|99900011000155|
|C170|1|PROD004|PRODUTO ACABADO D|7.56|UN|3884.59|5401|51|3464.32|12.00|415.72|0.00|0.00|0.00|0.00|0.00|0.00|
|C170|2|PROD003|MATERIAL BRUTO C|35.66|UN|7297.36|5401|90|7161.32|12.00|859.36|0.00|0.00|0.00|0.00|0.00|0.00|
|C170|3|PROD002|COMPONENTE ELETRICO B|14.93|UN|723.66|5401|30|0.00|12.00|0.00|0.00|0.00|0.00|0.00|0.00|0.00|
|C170|4|PROD004|PRODUTO ACABADO D|18.80|UN|14552.79|5401|51|14073.18|12.00|1688.78|0.00|0.00|0.00|0.00|0.00|0.00|
|C170|5|PROD002|COMPONENTE ELETRICO B|25.63|UN|1458.66|5401|60|0.00|12.00|0.00|0.00|0.00|0.00|0.00|0.00|0.00|
|C100|1|0|11223344000166|55|00|000000063|000|31032024|01042024|6437.13|3227.54|387.30|0.00|0.00|0.00|0.00|0.00|0.00|0.00|0|33366699000100|
|C170|1|PROD007|PARTE SOBRESSALENTE G|40.80|UN|3319.41|5401|00|3227.54|12.00|387.30|0.00|0.00|0.00|0.00|0.00|0.00|
|C170|2|PROD001|PECA MECANICA TIPO A|41.73|UN|3117.72|5401|40|0.00|12.00|0.00|0.00|0.00|0.00|0.00|0.00|0.00|
|C100|1|0|11223344000166|55|00|000000064|000|23032024|25032024|3121.74|2938.23|352.59|0.00|0.00|0.00|0.00|0.00|0.00|0.00|0|77788899000177|
|C170|1|PROD002|COMPONENTE ELETRICO B|41.85|UN|3121.74|5401|10|2938.23|12.00|352.59|0.00|0.00|0.00|0.00|0.00|0.00|
|C100|1|0|11223344000166|55|00|000000065|000|30032024|31032024|35045.95|33568.42|4028.21|0.00|0.00|0.00|0.00|0.00|0.00|0.00|0|22244466000133|
|C170|1|PROD004|PRODUTO ACABADO D|5.10|UN|4624.80|5401|00|4574.44|12.00|548.93|0.00|0.00|0.00|0.00|0.00|0.00|
|C170|2|PROD004|PRODUTO ACABADO D|32.89|UN|30421.15|5401|00|28993.98|12.00|3479.28|0.00|0.00|0.00|0.00|0.00|0.00|
|C100|1|0|11223344000166|55|00|000000066|000|02032024|02032024|2910.82|2726.82|327.22|0.00|0.00|0.00|0.00|0.00|0.00|0.00|0|22244466000133|
|C170|1|PROD007|PARTE SOBRESSALENTE G|22.04|UN|2910.82|5102|00|2726.82|12.00|327.22|0.00|0.00|0.00|0.00|0.00|0.00|
|C100|1|0|11223344000166|55|00|000000067|000|07032024|08032024|26955.92|430.12|51.62|0.00|0.00|0.00|0.00|0.00|0.00|0.00|0|77788899000177|
|C170|1|PROD006|EMBALAGEM PADRAO F|32.58|UN|237.80|5102|60|0.00|12.00|0.00|0.00|0.00|0.00|0.00|0.00|0.00|
|C170|2|PROD006|EMBALAGEM PADRAO F|47.63|UN|287.23|5102|20|273.74|12.00|32.85|0.00|0.00|0.00|0.00|0.00|0.00|
|C170|3|PROD007|PARTE SOBRESSALENTE G|1.13|UN|168.13|5102|20|156.38|12.00|18.77|0.00|0.00|0.00|0.00|0.00|0.00|
|C170|4|PROD003|MATERIAL BRUTO C|22.04|UN|7531.90|5102|60|0.00|12.00|0.00|0.00|0.00|0.00|0.00|0.00|0.00|
|C170|5|PROD008|CONJUNTO MONTADO H|20.77|UN|18730.86|5102|40|0.00|12.00|0.00|0.00|0.00|0.00|0.00|0.00|0.00|
|C100|1|0|11223344000166|55|00|000000068|000|30032024|02042024|27043.55|388.83|46.66|0.00|0.00|0.00|0.00|0.00|0.00|0.00|0|55512312300010|
|C170|1|PROD004|PRODUTO ACABADO D|30.98|UN|26194.85|5101|60|0.00|12.00|0.00|0.00|0.00|0.00|0.00|0.00|0.00|
|C170|2|PROD002|COMPONENTE ELETRICO B|5.31|UN|319.26|5101|40|0.00|12.00|0.00|0.00|0.00|0.00|0.00|0.00|0.00|
|C170|3|PROD006|EMBALAGEM PADRAO F|16.50|UN|92.72|5101|40|0.00|12.00|0.00|0.00|0.00|0.00|0.00|0.00|0.00|
|C170|4|PROD006|EMBALAGEM PADRAO F|37.01|UN|436.72|5101|00|388.83|12.00|46.66|0.00|0.00|0.00|0.00|0.00|0.00|
|C100|1|0|11223344000166|55|00|000000069|000|03032024|03032024|27057.43|2306.62|276.79|0.00|0.00|0.00|0.00|0.00|0.00|0.00|0|77788899000177|
|C170|1|PROD004|PRODUTO ACABADO D|39.12|UN|24644.21|6102|30|0.00|12.00|0.00|0.00|0.00|0.00|0.00|0.00|0.00|
|C170|2|PROD002|COMPONENTE ELETRICO B|30.20|UN|2413.22|6102|10|2306.62|12.00|276.79|0.00|0.00|0.00|0.00|0.00|0.00|
|C100|1|0|11223344000166|55|00|000000070|000|13032024|15032024|3425.35|3042.32|365.08|0.00|0.00|0.00|0.00|0.00|0.00|0.00|0|33366699000100|
|C170|1|PROD003|MATERIAL BRUTO C|16.35|UN|3425.35|5401|00|3042.32|12.00|365.08|0.00|0.00|0.00|0.00|0.00|0.00|
|C100|1|0|11223344000166|55|00|000000071|000|09032024|10032024|52912.14|5587.95|670.56|0.00|0.00|0.00|0.00|0.00|0.00|0.00|0|33366699000100|
|C170|1|PROD006|EMBALAGEM PADRAO F|37.79|UN|205.58|6102|10|199.21|12.00|23.91|0.00|0.00|0.00|0.00|0.00|0.00|
|C170|2|PROD008|CONJUNTO MONTADO H|45.98|UN|46681.75|6102|50|0.00|12.00|0.00|0.00|0.00|0.00|0.00|0.00|0.00|
|C170|3|PROD003|MATERIAL BRUTO C|19.31|UN|6024.81|6102|00|5388.74|12.00|646.65|0.00|0.00|0.00|0.00|0.00|0.00|
|C100|1|0|11223344000166|55|00|000000072|000|07032024|09032024|8191.90|7268.93|872.27|0.00|0.00|0.00|0.00|0.00|0.00|0.00|0|33366699000100|
|C170|1|PROD003|MATERIAL BRUTO C|25.55|UN|5199.73|5102|00|4539.17|12.00|544.70|0.00|0.00|0.00|0.00|0.00|0.00|
|C170|2|PROD002|COMPONENTE ELETRICO B|1.14|UN|69.92|5102|40|0.00|12.00|0.00|0.00|0.00|0.00|0.00|0.00|0.00|
|C170|3|PROD002|COMPONENTE ELETRICO B|35.37|UN|2922.25|5102|00|2729.76|12.00|327.57|0.00|0.00|0.00|0.00|0.00|0.00|
|C100|1|0|11223344000166|55|00|000000073|000|15032024|18032024|70513.14|59202.27|7104.28|0.00|0.00|0.00|0.00|0.00|0.00|0.00|0|33366699000100|
|C170|1|PROD004|PRODUTO ACABADO D|5.89|UN|4501.73|6102|20|4410.22|12.00|529.23|0.00|0.00|0.00|0.00|0.00|0.00|
|C170|2|PROD007|PARTE SOBRESSALENTE G|5.17|UN|696.93|6102|40|0.00|12.00|0.00|0.00|0.00|0.00|0.00|0.00|0.00|
|C170|3|PROD008|CONJUNTO MONTADO H|41.98|UN|57967.89|6102|90|50694.64|12.00|6083.36|0.00|0.00|0.00|0.00|0.00|0.00|
|C170|4|PROD007|PARTE SOBRESSALENTE G|26.39|UN|4106.70|6102|20|4097.41|12.00|491.69|0.00|0.00|0.00|0.00|0.00|0.00|
|C170|5|PROD002|COMPONENTE ELETRICO B|41.47|UN|3239.89|6102|40|0.00|12.00|0.00|0.00|0.00|0.00|0.00|0.00|0.00|
|C100|1|0|11223344000166|55|00|000000074|000|12032024|12032024|33949.07|19764.78|2371.77|0.00|0.00|0.00|0.00|0.00|0.00|0.00|0|77788899000177|
|C170|1|PROD007|PARTE SOBRESSALENTE G|33.23|UN|3079.37|6101|00|2802.33|12.00|336.28|0.00|0.00|0.00|0.00|0.00|0.00|
|C170|2|PROD003|MATERIAL BRUTO C|27.26|UN|8051.45|6101|40|0.00|12.00|0.00|0.00|0.00|0.00|0.00|0.00|0.00|
|C170|3|PROD007|PARTE SOBRESSALENTE G|39.76|UN|4277.89|6101|40|0.00|12.00|0.00|0.00|0.00|0.00|0.00|0.00|0.00|
|C170|4|PROD004|PRODUTO ACABADO D|5.99|UN|5226.35|6101|51|4634.52|12.00|556.14|0.00|0.00|0.00|0.00|0.00|0.00|
|C170|5|PROD008|CONJUNTO MONTADO H|13.37|UN|13314.01|6101|00|12327.93|12.00|1479.35|0.00|0.00|0.00|0.00|0.00|0.00|
|C100|1|0|11223344000166|55|00|000000075|000|31032024|31032024|19930.57|15424.92|1850.99|0.00|0.00|0.00|0.00|0.00|0.00|0.00|0|99900011000155|
|C170|1|PROD006|EMBALAGEM PADRAO F|42.57|UN|420.16|5401|20|359.72|12.00|43.17|0.00|0.00|0.00|0.00|0.00|0.00|
|C170|2|PROD005|INSUMO INDUSTRIAL E|37.97|UN|661.02|5401|20|652.62|12.00|78.31|0.00|0.00|0.00|0.00|0.00|0.00|
|C170|3|PROD002|COMPONENTE ELETRICO B|21.36|UN|1745.29|5401|00|1676.47|12.00|201.18|0.00|0.00|0.00|0.00|0.00|0.00|
|C170|4|PROD004|PRODUTO ACABADO D|4.19|UN|3571.03|5401|60|0.00|12.00|0.00|0.00|0.00|0.00|0.00|0.00|0.00|
|C170|5|PROD008|CONJUNTO MONTADO H|14.11|UN|13533.07|5401|20|12736.11|12.00|1528.33|0.00|0.00|0.00|0.00|0.00|0.00|
|C100|1|0|11223344000166|55|00|000000076|000|28032024|29032024|10241.41|9328.72|1119.45|0.00|0.00|0.00|0.00|0.00|0.00|0.00|0|77788899000177|
|C170|1|PROD008|CONJUNTO MONTADO H|13.25|UN|10241.41|6101|00|9328.72|12.00|1119.45|0.00|0.00|0.00|0.00|0.00|0.00|
|C100|1|0|11223344000166|55|00|000000077|000|13032024|15032024|4796.38|4281.95|513.83|0.00|0.00|0.00|0.00|0.00|0.00|0.00|0|99900011000155|
|C170|1|PROD004|PRODUTO ACABADO D|2.33|UN|1503.32|6101|00|1407.26|12.00|168.87|0.00|0.00|0.00|0.00|0.00|0.00|
|C170|2|PROD007|PARTE SOBRESSALENTE G|22.71|UN|3265.10|6101|20|2874.69|12.00|344.96|0.00|0.00|0.00|0.00|0.00|0.00|
|C170|3|PROD005|INSUMO INDUSTRIAL E|1.39|UN|27.96|6101|60|0.00|12.00|0.00|0.00|0.00|0.00|0.00|0.00|0.00|
|C100|1|0|11223344000166|55|00|000000078|000|07032024|10032024|11869.04|0.00|0.00|0.00|0.00|0.00|0.00|0.00|0.00|0.00|0|55512312300010|
|C170|1|PROD008|CONJUNTO MONTADO H|10.36|UN|11869.04|5401|40|0.00|12.00|0.00|0.00|0.00|0.00|0.00|0.00|0.00|
|C100|1|0|11223344000166|55|00|000000079|000|16032024|17032024|4160.80|3443.34|413.20|0.00|0.00|0.00|0.00|0.00|0.00|0.00|0|55512312300010|
|C170|1|PROD006|EMBALAGEM PADRAO F|44.18|UN|368.44|5401|00|319.45|12.00|38.33|0.00|0.00|0.00|0.00|0.00|0.00|
|C170|2|PROD005|INSUMO INDUSTRIAL E|19.73|UN|449.75|5401|60|0.00|12.00|0.00|0.00|0.00|0.00|0.00|0.00|0.00|
|C170|3|PROD004|PRODUTO ACABADO D|4.87|UN|3342.61|5401|00|3123.89|12.00|374.87|0.00|0.00|0.00|0.00|0.00|0.00|
|C100|1|0|11223344000166|55|00|000000080|000|31032024|02042024|43317.61|5495.34|659.44|0.00|0.00|0.00|0.00|0.00|0.00|0.00|0|77788899000177|
|C170|1|PROD004|PRODUTO ACABADO D|45.23|UN|37289.29|5401|30|0.00|12.00|0.00|0.00|0.00|0.00|0.00|0.00|0.00|
|C170|2|PROD007|PARTE SOBRESSALENTE G|30.24|UN|4676.93|5401|20|4200.44|12.00|504.05|0.00|0.00|0.00|0.00|0.00|0.00|
|C170|3|PROD002|COMPONENTE ELETRICO B|18.05|UN|1351.39|5401|00|1294.90|12.00|155.39|0.00|0.00|0.00|0.00|0.00|0.00|
|C100|1|0|11223344000166|55|00|000000081|000|31032024|01042024|32684.48|31308.67|3757.04|0.00|0.00|0.00|0.00|0.00|0.00|0.00|0|99900011000155|
|C170|1|PROD001|PECA MECANICA TIPO A|37.94|UN|2019.01|5403|90|1866.73|12.00|224.01|0.00|0.00|0.00|0.00|0.00|0.00|
|C170|2|PROD003|MATERIAL BRUTO C|37.75|UN|8903.43|5403|51|8523.43|12.00|1022.81|0.00|0.00|0.00|0.00|0.00|0.00|
|C170|3|PROD008|CONJUNTO MONTADO H|18.27|UN|21762.04|5403|10|20918.51|12.00|2510.22|0.00|0.00|0.00|0.00|0.00|0.00|
|C100|1|0|11223344000166|55|00|000000082|000|12032024|13032024|28211.43|1733.35|208.00|0.00|0.00|0.00|0.00|0.00|0.00|0.00|0|55512312300010|
|C170|1|PROD002|COMPONENTE ELETRICO B|40.97|UN|1928.77|5403|00|1733.35|12.00|208.00|0.00|0.00|0.00|0.00|0.00|0.00|
|C170|2|PROD008|CONJUNTO MONTADO H|24.14|UN|26282.66|5403|40|0.00|12.00|0.00|0.00|0.00|0.00|0.00|0.00|0.00|
|C100|1|0|11223344000166|55|00|000000083|000|11032024|12032024|20943.71|0.00|0.00|0.00|0.00|0.00|0.00|0.00|0.00|0.00|0|55512312300010|
|C170|1|PROD004|PRODUTO ACABADO D|27.14|UN|20943.71|5403|40|0.00|12.00|0.00|0.00|0.00|0.00|0.00|0.00|0.00|
|C100|1|0|11223344000166|55|00|000000084|000|17032024|18032024|23621.45|21323.74|2558.84|0.00|0.00|0.00|0.00|0.00|0.00|0.00|0|33366699000100|
|C170|1|PROD006|EMBALAGEM PADRAO F|47.12|UN|461.30|6101|60|0.00|12.00|0.00|0.00|0.00|0.00|0.00|0.00|0.00|
|C170|2|PROD007|PARTE SOBRESSALENTE G|47.90|UN|6021.05|6101|00|5390.04|12.00|646.80|0.00|0.00|0.00|0.00|0.00|0.00|
|C170|3|PROD004|PRODUTO ACABADO D|18.28|UN|16656.74|6101|00|15933.70|12.00|1912.04|0.00|0.00|0.00|0.00|0.00|0.00|
|C170|4|PROD001|PECA MECANICA TIPO A|7.05|UN|482.36|6101|30|0.00|12.00|0.00|0.00|0.00|0.00|0.00|0.00|0.00|
|C100|1|0|11223344000166|55|00|000000085|000|04032024|06032024|41161.60|36740.29|4408.84|0.00|0.00|0.00|0.00|0.00|0.00|0.00|0|99900011000155|
|C170|1|PROD003|MATERIAL BRUTO C|18.63|UN|5407.96|5102|10|4865.06|12.00|583.81|0.00|0.00|0.00|0.00|0.00|0.00|
|C170|2|PROD008|CONJUNTO MONTADO H|34.28|UN|27613.36|5102|20|24370.09|12.00|2924.41|0.00|0.00|0.00|0.00|0.00|0.00|
|C170|3|PROD003|MATERIAL BRUTO C|35.40|UN|7204.61|5102|00|6672.47|12.00|800.70|0.00|0.00|0.00|0.00|0.00|0.00|
|C170|4|PROD005|INSUMO INDUSTRIAL E|29.75|UN|935.67|5102|00|832.67|12.00|99.92|0.00|0.00|0.00|0.00|0.00|0.00|
|C100|1|0|11223344000166|55|00|000000086|000|28032024|30032024|8344.67|7294.36|875.32|0.00|0.00|0.00|0.00|0.00|0.00|0.00|0|99900011000155|
|C170|1|PROD005|INSUMO INDUSTRIAL E|1.97|UN|55.82|5101|51|53.37|12.00|6.40|0.00|0.00|0.00|0.00|0.00|0.00|
|C170|2|PROD007|PARTE SOBRESSALENTE G|49.37|UN|7817.56|5101|00|7240.99|12.00|868.92|0.00|0.00|0.00|0.00|0.00|0.00|
|C170|3|PROD001|PECA MECANICA TIPO A|7.25|UN|471.29|5101|50|0.00|12.00|0.00|0.00|0.00|0.00|0.00|0.00|0.00|
|C100|1|0|11223344000166|55|00|000000087|000|01032024|02032024|2277.24|1604.69|192.56|0.00|0.00|0.00|0.00|0.00|0.00|0.00|0|55512312300010|
|C170|1|PROD002|COMPONENTE ELETRICO B|28.35|UN|1787.88|5403|00|1604.69|12.00|192.56|0.00|0.00|0.00|0.00|0.00|0.00|
|C170|2|PROD003|MATERIAL BRUTO C|2.21|UN|489.36|5403|70|0.00|12.00|0.00|0.00|0.00|0.00|0.00|0.00|0.00|
|C100|1|0|11223344000166|55|00|000000088|000|06032024|06032024|45583.13|1142.27|137.07|0.00|0.00|0.00|0.00|0.00|0.00|0.00|0|22244466000133|
|C170|1|PROD003|MATERIAL BRUTO C|4.69|UN|1191.72|6101|20|1142.27|12.00|137.07|0.00|0.00|0.00|0.00|0.00|0.00|
|C170|2|PROD008|CONJUNTO MONTADO H|47.73|UN|44391.41|6101|41|0.00|12.00|0.00|0.00|0.00|0.00|0.00|0.00|0.00|
|C100|1|0|11223344000166|55|00|000000089|000|20032024|23032024|20404.13|17926.33|2151.16|0.00|0.00|0.00|0.00|0.00|0.00|0.00|0|77788899000177|
|C170|1|PROD006|EMBALAGEM PADRAO F|26.80|UN|186.78|6101|40|0.00|12.00|0.00|0.00|0.00|0.00|0.00|0.00|0.00|
|C170|2|PROD001|PECA MECANICA TIPO A|21.04|UN|1296.03|6101|50|0.00|12.00|0.00|0.00|0.00|0.00|0.00|0.00|0.00|
|C170|3|PROD004|PRODUTO ACABADO D|26.24|UN|15493.15|6101|00|14524.83|12.00|1742.98|0.00|0.00|0.00|0.00|0.00|0.00|
|C170|4|PROD007|PARTE SOBRESSALENTE G|29.73|UN|3428.17|6101|20|3401.50|12.00|408.18|0.00|0.00|0.00|0.00|0.00|0.00|
|C100|1|0|11223344000166|55|00|000000090|000|01032024|01032024|6869.03|0.00|0.00|0.00|0.00|0.00|0.00|0.00|0.00|0.00|0|77788899000177|
|C170|1|PROD001|PECA MECANICA TIPO A|16.12|UN|898.10|6102|40|0.00|12.00|0.00|0.00|0.00|0.00|0.00|0.00|0.00|
|C170|2|PROD003|MATERIAL BRUTO C|20.81|UN|5970.93|6102|40|0.00|12.00|0.00|0.00|0.00|0.00|0.00|0.00|0.00|
|C100|1|0|11223344000166|55|00|000000091|000|17032024|18032024|49480.05|47062.10|5647.46|0.00|0.00|0.00|0.00|0.00|0.00|0.00|0|33366699000100|
|C170|1|PROD004|PRODUTO ACABADO D|10.40|UN|8971.96|6102|90|8819.59|12.00|1058.35|0.00|0.00|0.00|0.00|0.00|0.00|
|C170|2|PROD008|CONJUNTO MONTADO H|33.10|UN|38716.23|6102|00|37261.96|12.00|4471.44|0.00|0.00|0.00|0.00|0.00|0.00|
|C170|3|PROD005|INSUMO INDUSTRIAL E|45.42|UN|787.57|6102|40|0.00|12.00|0.00|0.00|0.00|0.00|0.00|0.00|0.00|
|C170|4|PROD002|COMPONENTE ELETRICO B|12.74|UN|828.67|6102|00|828.65|12.00|99.44|0.00|0.00|0.00|0.00|0.00|0.00|
|C170|5|PROD006|EMBALAGEM PADRAO F|27.18|UN|175.62|6102|20|151.90|12.00|18.23|0.00|0.00|0.00|0.00|0.00|0.00|
|C100|1|0|11223344000166|55|00|000000092|000|23032024|24032024|12874.71|10509.98|1261.21|0.00|0.00|0.00|0.00|0.00|0.00|0.00|0|22244466000133|
|C170|1|PROD004|PRODUTO ACABADO D|1.76|UN|1306.76|5102|00|1281.30|12.00|153.76|0.00|0.00|0.00|0.00|0.00|0.00|
|C170|2|PROD003|MATERIAL BRUTO C|26.51|UN|5747.01|5102|00|5047.96|12.00|605.76|0.00|0.00|0.00|0.00|0.00|0.00|
|C170|3|PROD002|COMPONENTE ELETRICO B|22.02|UN|869.69|5102|30|0.00|12.00|0.00|0.00|0.00|0.00|0.00|0.00|0.00|
|C170|4|PROD001|PECA MECANICA TIPO A|40.94|UN|4418.22|5102|20|4180.72|12.00|501.69|0.00|0.00|0.00|0.00|0.00|0.00|
|C170|5|PROD001|PECA MECANICA TIPO A|6.05|UN|533.03|5102|60|0.00|12.00|0.00|0.00|0.00|0.00|0.00|0.00|0.00|
|C100|1|0|11223344000166|55|00|000000093|000|16032024|16032024|7377.24|6553.68|786.45|0.00|0.00|0.00|0.00|0.00|0.00|0.00|0|22244466000133|
|C170|1|PROD003|MATERIAL BRUTO C|1.46|UN|437.39|6101|20|437.22|12.00|52.47|0.00|0.00|0.00|0.00|0.00|0.00|
|C170|2|PROD006|EMBALAGEM PADRAO F|31.11|UN|165.50|6101|00|156.63|12.00|18.80|0.00|0.00|0.00|0.00|0.00|0.00|
|C170|3|PROD006|EMBALAGEM PADRAO F|22.72|UN|245.11|6101|00|235.74|12.00|28.29|0.00|0.00|0.00|0.00|0.00|0.00|
|C170|4|PROD007|PARTE SOBRESSALENTE G|46.41|UN|6529.24|6101|20|5724.09|12.00|686.89|0.00|0.00|0.00|0.00|0.00|0.00|
|C100|1|0|11223344000166|55|00|000000094|000|19032024|19032024|55952.41|47535.50|5704.26|0.00|0.00|0.00|0.00|0.00|0.00|0.00|0|55512312300010|
|C170|1|PROD008|CONJUNTO MONTADO H|36.28|UN|48870.66|5102|00|44779.85|12.00|5373.58|0.00|0.00|0.00|0.00|0.00|0.00|
|C170|2|PROD001|PECA MECANICA TIPO A|33.73|UN|2578.69|5102|00|2565.92|12.00|307.91|0.00|0.00|0.00|0.00|0.00|0.00|
|C170|3|PROD002|COMPONENTE ELETRICO B|3.26|UN|193.65|5102|00|189.73|12.00|22.77|0.00|0.00|0.00|0.00|0.00|0.00|
|C170|4|PROD007|PARTE SOBRESSALENTE G|42.27|UN|4309.41|5102|40|0.00|12.00|0.00|0.00|0.00|0.00|0.00|0.00|0.00|
|C100|1|0|11223344000166|55|00|000000095|000|01032024|01032024|10487.44|187.03|22.44|0.00|0.00|0.00|0.00|0.00|0.00|0.00|0|77788899000177|
|C170|1|PROD003|MATERIAL BRUTO C|42.57|UN|10299.81|6101|30|0.00|12.00|0.00|0.00|0.00|0.00|0.00|0.00|0.00|
|C170|2|PROD006|EMBALAGEM PADRAO F|27.00|UN|187.63|6101|51|187.03|12.00|22.44|0.00|0.00|0.00|0.00|0.00|0.00|
|C100|1|0|11223344000166|55|00|000000096|000|12032024|15032024|3726.59|56.47|6.78|0.00|0.00|0.00|0.00|0.00|0.00|0.00|0|77788899000177|
|C170|1|PROD001|PECA MECANICA TIPO A|34.44|UN|3663.25|5403|40|0.00|12.00|0.00|0.00|0.00|0.00|0.00|0.00|0.00|
|C170|2|PROD006|EMBALAGEM PADRAO F|6.36|UN|63.34|5403|00|56.47|12.00|6.78|0.00|0.00|0.00|0.00|0.00|0.00|
|C100|1|0|11223344000166|55|00|000000097|000|15032024|16032024|1202.08|1026.42|123.17|0.00|0.00|0.00|0.00|0.00|0.00|0.00|0|77788899000177|
|C170|1|PROD005|INSUMO INDUSTRIAL E|40.72|UN|1202.08|5102|00|1026.42|12.00|123.17|0.00|0.00|0.00|0.00|0.00|0.00|
|C100|1|0|11223344000166|55|00|000000098|000|12032024|12032024|19518.71|16761.24|2011.35|0.00|0.00|0.00|0.00|0.00|0.00|0.00|0|55512312300010|
|C170|1|PROD006|EMBALAGEM PADRAO F|21.08|UN|124.14|5403|90|115.51|12.00|13.86|0.00|0.00|0.00|0.00|0.00|0.00|
|C170|2|PROD008|CONJUNTO MONTADO H|21.57|UN|18791.78|5403|90|16645.73|12.00|1997.49|0.00|0.00|0.00|0.00|0.00|0.00|
|C170|3|PROD005|INSUMO INDUSTRIAL E|27.18|UN|602.79|5403|41|0.00|12.00|0.00|0.00|0.00|0.00|0.00|0.00|0.00|
|C100|1|0|11223344000166|55|00|000000099|000|08032024|10032024|40631.06|7747.61|929.72|0.00|0.00|0.00|0.00|0.00|0.00|0.00|0|77788899000177|
|C170|1|PROD007|PARTE SOBRESSALENTE G|49.45|UN|6217.97|6101|00|6210.35|12.00|745.24|0.00|0.00|0.00|0.00|0.00|0.00|
|C170|2|PROD002|COMPONENTE ELETRICO B|36.06|UN|1876.20|6101|60|0.00|12.00|0.00|0.00|0.00|0.00|0.00|0.00|0.00|
|C170|3|PROD006|EMBALAGEM PADRAO F|18.78|UN|154.73|6101|20|153.96|12.00|18.48|0.00|0.00|0.00|0.00|0.00|0.00|
|C170|4|PROD008|CONJUNTO MONTADO H|38.03|UN|30866.72|6101|40|0.00|12.00|0.00|0.00|0.00|0.00|0.00|0.00|0.00|
|C170|5|PROD007|PARTE SOBRESSALENTE G|11.25|UN|1515.44|6101|10|1383.30|12.00|166.00|0.00|0.00|0.00|0.00|0.00|0.00|
|C100|1|0|11223344000166|55|00|000000100|000|20032024|22032024|5977.96|3904.87|468.58|0.00|0.00|0.00|0.00|0.00|0.00|0.00|0|22244466000133|
|C170|1|PROD008|CONJUNTO MONTADO H|1.94|UN|1875.02|6102|41|0.00|12.00|0.00|0.00|0.00|0.00|0.00|0.00|0.00|
|C170|2|PROD007|PARTE SOBRESSALENTE G|3.30|UN|527.24|6102|00|502.83|12.00|60.34|0.00|0.00|0.00|0.00|0.00|0.00|
|C170|3|PROD001|PECA MECANICA TIPO A|22.96|UN|2693.55|6102|10|2541.78|12.00|305.01|0.00|0.00|0.00|0.00|0.00|0.00|
|C170|4|PROD002|COMPONENTE ELETRICO B|20.26|UN|882.15|6102|20|860.26|12.00|103.23|0.00|0.00|0.00|0.00|0.00|0.00|
|C100|1|0|11223344000166|55|00|000000101|000|11032024|14032024|7413.58|3553.50|426.42|0.00|0.00|0.00|0.00|0.00|0.00|0.00|0|99900011000155|
|C170|1|PROD007|PARTE SOBRESSALENTE G|31.48|UN|3562.41|6101|00|3553.50|12.00|426.42|0.00|0.00|0.00|0.00|0.00|0.00|
|C170|2|PROD007|PARTE SOBRESSALENTE G|41.03|UN|3851.17|6101|40|0.00|12.00|0.00|0.00|0.00|0.00|0.00|0.00|0.00|
|C100|1|0|11223344000166|55|00|000000102|000|20032024|22032024|22597.95|21141.52|2536.98|0.00|0.00|0.00|0.00|0.00|0.00|0.00|0|55512312300010|
|C170|1|PROD006|EMBALAGEM PADRAO F|48.47|UN|316.48|6102|00|296.62|12.00|35.59|0.00|0.00|0.00|0.00|0.00|0.00|
|C170|2|PROD008|CONJUNTO MONTADO H|25.39|UN|20863.22|6102|20|20844.90|12.00|2501.39|0.00|0.00|0.00|0.00|0.00|0.00|
|C170|3|PROD002|COMPONENTE ELETRICO B|22.38|UN|1418.25|6102|70|0.00|12.00|0.00|0.00|0.00|0.00|0.00|0.00|0.00|
|C100|1|0|11223344000166|55|00|000000103|000|23032024|26032024|28102.39|26954.45|3234.53|0.00|0.00|0.00|0.00|0.00|0.00|0.00|0|22244466000133|
|C170|1|PROD004|PRODUTO ACABADO D|31.07|UN|28102.39|6102|51|26954.45|12.00|3234.53|0.00|0.00|0.00|0.00|0.00|0.00|
|C100|1|0|11223344000166|55|00|000000104|000|18032024|21032024|15499.14|0.00|0.00|0.00|0.00|0.00|0.00|0.00|0.00|0.00|0|55512312300010|
|C170|1|PROD004|PRODUTO ACABADO D|19.84|UN|15499.14|6102|40|0.00|12.00|0.00|0.00|0.00|0.00|0.00|0.00|0.00|
|C100|1|0|11223344000166|55|00|000000105|000|09032024|09032024|47519.12|3357.39|402.89|0.00|0.00|0.00|0.00|0.00|0.00|0.00|0|77788899000177|
|C170|1|PROD007|PARTE SOBRESSALENTE G|34.17|UN|3455.57|5101|90|3357.39|12.00|402.89|0.00|0.00|0.00|0.00|0.00|0.00|
|C170|2|PROD003|MATERIAL BRUTO C|7.45|UN|2537.79|5101|40|0.00|12.00|0.00|0.00|0.00|0.00|0.00|0.00|0.00|
|C170|3|PROD004|PRODUTO ACABADO D|44.01|UN|41525.76|5101|30|0.00|12.00|0.00|0.00|0.00|0.00|0.00|0.00|0.00|
|C100|1|0|11223344000166|55|00|000000106|000|06032024|09032024|87937.76|21215.85|2545.90|0.00|0.00|0.00|0.00|0.00|0.00|0.00|0|33366699000100|
|C170|1|PROD008|CONJUNTO MONTADO H|49.85|UN|63214.06|5101|40|0.00|12.00|0.00|0.00|0.00|0.00|0.00|0.00|0.00|
|C170|2|PROD001|PECA MECANICA TIPO A|21.51|UN|1739.94|5101|41|0.00|12.00|0.00|0.00|0.00|0.00|0.00|0.00|0.00|
|C170|3|PROD004|PRODUTO ACABADO D|13.92|UN|8440.20|5101|00|7848.11|12.00|941.77|0.00|0.00|0.00|0.00|0.00|0.00|
|C170|4|PROD003|MATERIAL BRUTO C|44.54|UN|14543.56|5101|00|13367.74|12.00|1604.13|0.00|0.00|0.00|0.00|0.00|0.00|
|C100|1|0|11223344000166|55|00|000000107|000|31032024|31032024|10770.97|1336.02|160.32|0.00|0.00|0.00|0.00|0.00|0.00|0.00|0|99900011000155|
|C170|1|PROD006|EMBALAGEM PADRAO F|19.07|UN|218.87|6101|40|0.00|12.00|0.00|0.00|0.00|0.00|0.00|0.00|0.00|
|C170|2|PROD004|PRODUTO ACABADO D|9.38|UN|5191.79|6101|60|0.00|12.00|0.00|0.00|0.00|0.00|0.00|0.00|0.00|
|C170|3|PROD008|CONJUNTO MONTADO H|3.22|UN|3947.36|6101|60|0.00|12.00|0.00|0.00|0.00|0.00|0.00|0.00|0.00|
|C170|4|PROD001|PECA MECANICA TIPO A|12.55|UN|883.80|6101|51|880.41|12.00|105.65|0.00|0.00|0.00|0.00|0.00|0.00|
|C170|5|PROD007|PARTE SOBRESSALENTE G|6.61|UN|529.15|6101|00|455.61|12.00|54.67|0.00|0.00|0.00|0.00|0.00|0.00|
|C100|1|0|11223344000166|55|00|000000108|000|05032024|05032024|174.04|0.00|0.00|0.00|0.00|0.00|0.00|0.00|0.00|0.00|0|99900011000155|
|C170|1|PROD006|EMBALAGEM PADRAO F|29.10|UN|174.04|5403|60|0.00|12.00|0.00|0.00|0.00|0.00|0.00|0.00|0.00|
|C100|1|0|11223344000166|55|00|000000109|000|30032024|31032024|283.45|248.33|29.80|0.00|0.00|0.00|0.00|0.00|0.00|0.00|0|99900011000155|
|C170|1|PROD006|EMBALAGEM PADRAO F|30.25|UN|283.45|5403|20|248.33|12.00|29.80|0.00|0.00|0.00|0.00|0.00|0.00|
|C100|1|0|11223344000166|55|00|000000110|000|08032024|09032024|22490.33|14141.95|1697.03|0.00|0.00|0.00|0.00|0.00|0.00|0.00|0|22244466000133|
|C170|1|PROD002|COMPONENTE ELETRICO B|8.49|UN|349.91|5102|30|0.00|12.00|0.00|0.00|0.00|0.00|0.00|0.00|0.00|
|C170|2|PROD008|CONJUNTO MONTADO H|16.82|UN|13183.69|5102|00|11286.85|12.00|1354.42|0.00|0.00|0.00|0.00|0.00|0.00|
|C170|3|PROD006|EMBALAGEM PADRAO F|42.13|UN|248.98|5102|00|247.45|12.00|29.69|0.00|0.00|0.00|0.00|0.00|0.00|
|C170|4|PROD001|PECA MECANICA TIPO A|37.38|UN|2928.86|5102|00|2607.65|12.00|312.92|0.00|0.00|0.00|0.00|0.00|0.00|
|C170|5|PROD007|PARTE SOBRESSALENTE G|42.89|UN|5778.89|5102|30|0.00|12.00|0.00|0.00|0.00|0.00|0.00|0.00|0.00|
|C100|1|0|11223344000166|55|00|000000111|000|09032024|12032024|35797.94|29755.17|3570.63|0.00|0.00|0.00|0.00|0.00|0.00|0.00|0|77788899000177|
|C170|1|PROD005|INSUMO INDUSTRIAL E|43.36|UN|855.00|6102|20|817.46|12.00|98.10|0.00|0.00|0.00|0.00|0.00|0.00|
|C170|2|PROD006|EMBALAGEM PADRAO F|29.49|UN|318.19|6102|50|0.00|12.00|0.00|0.00|0.00|0.00|0.00|0.00|0.00|
|C170|3|PROD008|CONJUNTO MONTADO H|44.98|UN|32959.88|6102|90|28937.71|12.00|3472.53|0.00|0.00|0.00|0.00|0.00|0.00|
|C170|4|PROD005|INSUMO INDUSTRIAL E|42.02|UN|1664.87|6102|41|0.00|12.00|0.00|0.00|0.00|0.00|0.00|0.00|0.00|
|C100|1|0|11223344000166|55|00|000000112|000|24032024|25032024|51352.67|24401.22|2928.14|0.00|0.00|0.00|0.00|0.00|0.00|0.00|0|22244466000133|
|C170|1|PROD002|COMPONENTE ELETRICO B|11.48|UN|676.34|5403|40|0.00|12.00|0.00|0.00|0.00|0.00|0.00|0.00|0.00|
|C170|2|PROD006|EMBALAGEM PADRAO F|25.00|UN|180.24|5403|20|154.62|12.00|18.55|0.00|0.00|0.00|0.00|0.00|0.00|
|C170|3|PROD004|PRODUTO ACABADO D|37.60|UN|25740.65|5403|00|24246.60|12.00|2909.59|0.00|0.00|0.00|0.00|0.00|0.00|
|C170|4|PROD007|PARTE SOBRESSALENTE G|45.78|UN|6801.98|5403|30|0.00|12.00|0.00|0.00|0.00|0.00|0.00|0.00|0.00|
|C170|5|PROD008|CONJUNTO MONTADO H|21.40|UN|17953.46|5403|40|0.00|12.00|0.00|0.00|0.00|0.00|0.00|0.00|0.00|
|C100|1|0|11223344000166|55|00|000000113|000|26032024|28032024|67436.19|0.00|0.00|0.00|0.00|0.00|0.00|0.00|0.00|0.00|0|22244466000133|
|C170|1|PROD001|PECA MECANICA TIPO A|26.41|UN|2726.58|6101|30|0.00|12.00|0.00|0.00|0.00|0.00|0.00|0.00|0.00|
|C170|2|PROD008|CONJUNTO MONTADO H|46.89|UN|64709.61|6101|40|0.00|12.00|0.00|0.00|0.00|0.00|0.00|0.00|0.00|
|C100|1|0|11223344000166|55|00|000000114|000|21032024|23032024|11647.15|79.82|9.58|0.00|0.00|0.00|0.00|0.00|0.00|0.00|0|22244466000133|
|C170|1|PROD004|PRODUTO ACABADO D|17.11|UN|9527.02|5401|50|0.00|12.00|0.00|0.00|0.00|0.00|0.00|0.00|0.00|
|C170|2|PROD003|MATERIAL BRUTO C|7.65|UN|2029.78|5401|70|0.00|12.00|0.00|0.00|0.00|0.00|0.00|0.00|0.00|
|C170|3|PROD005|INSUMO INDUSTRIAL E|4.53|UN|90.35|5401|10|79.82|12.00|9.58|0.00|0.00|0.00|0.00|0.00|0.00|
|C100|1|0|11223344000166|55|00|000000115|000|03032024|06032024|29200.34|132.07|15.85|0.00|0.00|0.00|0.00|0.00|0.00|0.00|0|99900011000155|
|C170|1|PROD008|CONJUNTO MONTADO H|31.14|UN|29061.09|5102|41|0.00|12.00|0.00|0.00|0.00|0.00|0.00|0.00|0.00|
|C170|2|PROD006|EMBALAGEM PADRAO F|13.34|UN|139.25|5102|00|132.07|12.00|15.85|0.00|0.00|0.00|0.00|0.00|0.00|
|C100|1|0|11223344000166|55|00|000000116|000|12032024|13032024|40886.25|32359.37|3883.12|0.00|0.00|0.00|0.00|0.00|0.00|0.00|0|55512312300010|
|C170|1|PROD002|COMPONENTE ELETRICO B|32.60|UN|2355.31|5403|40|0.00|12.00|0.00|0.00|0.00|0.00|0.00|0.00|0.00|
|C170|2|PROD006|EMBALAGEM PADRAO F|13.18|UN|124.33|5403|30|0.00|12.00|0.00|0.00|0.00|0.00|0.00|0.00|0.00|
|C170|3|PROD005|INSUMO INDUSTRIAL E|24.29|UN|615.99|5403|40|0.00|12.00|0.00|0.00|0.00|0.00|0.00|0.00|0.00|
|C170|4|PROD008|CONJUNTO MONTADO H|33.54|UN|37790.62|5403|00|32359.37|12.00|3883.12|0.00|0.00|0.00|0.00|0.00|0.00|
|C100|1|0|11223344000166|55|00|000000117|000|27032024|28032024|44607.46|2247.90|269.75|0.00|0.00|0.00|0.00|0.00|0.00|0.00|0|77788899000177|
|C170|1|PROD008|CONJUNTO MONTADO H|38.73|UN|42267.60|5101|40|0.00|12.00|0.00|0.00|0.00|0.00|0.00|0.00|0.00|
|C170|2|PROD007|PARTE SOBRESSALENTE G|21.51|UN|2339.86|5101|00|2247.90|12.00|269.75|0.00|0.00|0.00|0.00|0.00|0.00|
|C100|1|0|11223344000166|55|00|000000118|000|28032024|30032024|232.57|0.00|0.00|0.00|0.00|0.00|0.00|0.00|0.00|0.00|0|55512312300010|
|C170|1|PROD006|EMBALAGEM PADRAO F|24.66|UN|232.57|5403|41|0.00|12.00|0.00|0.00|0.00|0.00|0.00|0.00|0.00|
|C100|1|0|11223344000166|55|00|000000119|000|17032024|18032024|259.72|0.00|0.00|0.00|0.00|0.00|0.00|0.00|0.00|0.00|0|77788899000177|
|C170|1|PROD001|PECA MECANICA TIPO A|2.85|UN|259.72|5101|50|0.00|12.00|0.00|0.00|0.00|0.00|0.00|0.00|0.00|
|C100|1|0|11223344000166|55|00|000000120|000|02032024|02032024|81656.76|57470.95|6896.52|0.00|0.00|0.00|0.00|0.00|0.00|0.00|0|55512312300010|
|C170|1|PROD008|CONJUNTO MONTADO H|1.18|UN|1529.86|5101|30|0.00|12.00|0.00|0.00|0.00|0.00|0.00|0.00|0.00|
|C170|2|PROD007|PARTE SOBRESSALENTE G|46.16|UN|5469.39|5101|00|4742.96|12.00|569.16|0.00|0.00|0.00|0.00|0.00|0.00|
|C170|3|PROD008|CONJUNTO MONTADO H|15.22|UN|15617.39|5101|40|0.00|12.00|0.00|0.00|0.00|0.00|0.00|0.00|0.00|
|C170|4|PROD001|PECA MECANICA TIPO A|8.87|UN|671.14|5101|90|650.88|12.00|78.11|0.00|0.00|0.00|0.00|0.00|0.00|
|C170|5|PROD008|CONJUNTO MONTADO H|43.77|UN|58368.98|5101|00|52077.11|12.00|6249.25|0.00|0.00|0.00|0.00|0.00|0.00|
|C100|1|0|11223344000166|55|00|000000121|000|20032024|22032024|30300.71|9419.70|1130.36|0.00|0.00|0.00|0.00|0.00|0.00|0.00|0|77788899000177|
|C170|1|PROD003|MATERIAL BRUTO C|28.95|UN|9921.38|6102|00|9419.70|12.00|1130.36|0.00|0.00|0.00|0.00|0.00|0.00|
|C170|2|PROD002|COMPONENTE ELETRICO B|8.79|UN|720.09|6102|60|0.00|12.00|0.00|0.00|0.00|0.00|0.00|0.00|0.00|
|C170|3|PROD004|PRODUTO ACABADO D|37.47|UN|19659.24|6102|30|0.00|12.00|0.00|0.00|0.00|0.00|0.00|0.00|0.00|
|C100|1|0|11223344000166|55|00|000000122|000|31032024|01042024|32469.31|24212.56|2905.51|0.00|0.00|0.00|0.00|0.00|0.00|0.00|0|77788899000177|
|C170|1|PROD002|COMPONENTE ELETRICO B|16.29|UN|1196.83|6102|20|1049.90|12.00|125.99|0.00|0.00|0.00|0.00|0.00|0.00|
|C170|2|PROD001|PECA MECANICA TIPO A|42.36|UN|5076.24|6102|60|0.00|12.00|0.00|0.00|0.00|0.00|0.00|0.00|0.00|
|C170|3|PROD003|MATERIAL BRUTO C|20.20|UN|4216.15|6102|20|3962.57|12.00|475.51|0.00|0.00|0.00|0.00|0.00|0.00|
|C170|4|PROD005|INSUMO INDUSTRIAL E|26.02|UN|498.34|6102|60|0.00|12.00|0.00|0.00|0.00|0.00|0.00|0.00|0.00|
|C170|5|PROD004|PRODUTO ACABADO D|42.04|UN|21481.75|6102|00|19200.09|12.00|2304.01|0.00|0.00|0.00|0.00|0.00|0.00|
|C100|1|0|11223344000166|55|00|000000123|000|31032024|31032024|606.83|22.42|2.69|0.00|0.00|0.00|0.00|0.00|0.00|0.00|0|55512312300010|
|C170|1|PROD006|EMBALAGEM PADRAO F|23.50|UN|124.78|5101|40|0.00|12.00|0.00|0.00|0.00|0.00|0.00|0.00|0.00|
|C170|2|PROD005|INSUMO INDUSTRIAL E|1.54|UN|34.45|5101|70|0.00|12.00|0.00|0.00|0.00|0.00|0.00|0.00|0.00|
|C170|3|PROD006|EMBALAGEM PADRAO F|45.37|UN|422.41|5101|60|0.00|12.00|0.00|0.00|0.00|0.00|0.00|0.00|0.00|
|C170|4|PROD006|EMBALAGEM PADRAO F|2.53|UN|25.19|5101|00|22.42|12.00|2.69|0.00|0.00|0.00|0.00|0.00|0.00|
|C100|1|0|11223344000166|55|00|000000124|000|07032024|08032024|31818.03|15106.40|1812.77|0.00|0.00|0.00|0.00|0.00|0.00|0.00|0|77788899000177|
|C170|1|PROD003|MATERIAL BRUTO C|48.77|UN|10654.02|5401|00|10367.41|12.00|1244.09|0.00|0.00|0.00|0.00|0.00|0.00|
|C170|2|PROD003|MATERIAL BRUTO C|47.73|UN|14449.70|5401|40|0.00|12.00|0.00|0.00|0.00|0.00|0.00|0.00|0.00|
|C170|3|PROD008|CONJUNTO MONTADO H|6.51|UN|4936.04|5401|00|4738.99|12.00|568.68|0.00|0.00|0.00|0.00|0.00|0.00|
|C170|4|PROD007|PARTE SOBRESSALENTE G|12.81|UN|1778.27|5401|40|0.00|12.00|0.00|0.00|0.00|0.00|0.00|0.00|0.00|
|C100|1|0|11223344000166|55|00|000000125|000|08032024|11032024|21378.45|19035.15|2284.22|0.00|0.00|0.00|0.00|0.00|0.00|0.00|0|33366699000100|
|C170|1|PROD005|INSUMO INDUSTRIAL E|28.06|UN|786.72|6101|40|0.00|12.00|0.00|0.00|0.00|0.00|0.00|0.00|0.00|
|C170|2|PROD006|EMBALAGEM PADRAO F|32.77|UN|186.79|6101|41|0.00|12.00|0.00|0.00|0.00|0.00|0.00|0.00|0.00|
|C170|3|PROD006|EMBALAGEM PADRAO F|21.77|UN|219.18|6101|00|190.09|12.00|22.81|0.00|0.00|0.00|0.00|0.00|0.00|
|C170|4|PROD003|MATERIAL BRUTO C|35.52|UN|11662.15|6101|00|10322.07|12.00|1238.65|0.00|0.00|0.00|0.00|0.00|0.00|
|C170|5|PROD004|PRODUTO ACABADO D|15.31|UN|8523.61|6101|00|8522.99|12.00|1022.76|0.00|0.00|0.00|0.00|0.00|0.00|
|C100|1|0|11223344000166|55|00|000000126|000|23032024|25032024|5435.42|0.00|0.00|0.00|0.00|0.00|0.00|0.00|0.00|0.00|0|77788899000177|
|C170|1|PROD002|COMPONENTE ELETRICO B|15.97|UN|1116.35|6101|40|0.00|12.00|0.00|0.00|0.00|0.00|0.00|0.00|0.00|
|C170|2|PROD003|MATERIAL BRUTO C|17.42|UN|4319.07|6101|41|0.00|12.00|0.00|0.00|0.00|0.00|0.00|0.00|0.00|
|C100|1|0|11223344000166|55|00|000000127|000|08032024|09032024|31484.72|8388.23|1006.58|0.00|0.00|0.00|0.00|0.00|0.00|0.00|0|22244466000133|
|C170|1|PROD002|COMPONENTE ELETRICO B|41.41|UN|3197.27|5101|51|2784.35|12.00|334.12|0.00|0.00|0.00|0.00|0.00|0.00|
|C170|2|PROD001|PECA MECANICA TIPO A|28.13|UN|2236.62|5101|50|0.00|12.00|0.00|0.00|0.00|0.00|0.00|0.00|0.00|
|C170|3|PROD007|PARTE SOBRESSALENTE G|28.35|UN|4034.35|5101|00|3952.87|12.00|474.34|0.00|0.00|0.00|0.00|0.00|0.00|
|C170|4|PROD007|PARTE SOBRESSALENTE G|21.52|UN|1786.94|5101|20|1651.01|12.00|198.12|0.00|0.00|0.00|0.00|0.00|0.00|
|C170|5|PROD004|PRODUTO ACABADO D|25.93|UN|20229.54|5101|30|0.00|12.00|0.00|0.00|0.00|0.00|0.00|0.00|0.00|
|C100|1|0|11223344000166|55|00|000000128|000|22032024|23032024|43382.73|12552.38|1506.28|0.00|0.00|0.00|0.00|0.00|0.00|0.00|0|22244466000133|
|C170|1|PROD004|PRODUTO ACABADO D|31.32|UN|29744.28|6101|40|0.00|12.00|0.00|0.00|0.00|0.00|0.00|0.00|0.00|
|C170|2|PROD003|MATERIAL BRUTO C|45.08|UN|12535.36|6101|10|12127.85|12.00|1455.34|0.00|0.00|0.00|0.00|0.00|0.00|
|C170|3|PROD002|COMPONENTE ELETRICO B|8.61|UN|617.49|6101|40|0.00|12.00|0.00|0.00|0.00|0.00|0.00|0.00|0.00|
|C170|4|PROD007|PARTE SOBRESSALENTE G|3.87|UN|485.60|6101|10|424.53|12.00|50.94|0.00|0.00|0.00|0.00|0.00|0.00|
|C100|1|0|11223344000166|55|00|000000129|000|12032024|14032024|5066.84|4874.34|584.92|0.00|0.00|0.00|0.00|0.00|0.00|0.00|0|77788899000177|
|C170|1|PROD007|PARTE SOBRESSALENTE G|35.49|UN|5066.84|6101|00|4874.34|12.00|584.92|0.00|0.00|0.00|0.00|0.00|0.00|
|C100|1|0|11223344000166|55|00|000000130|000|03032024|04032024|6038.80|1612.87|193.54|0.00|0.00|0.00|0.00|0.00|0.00|0.00|0|77788899000177|
|C170|1|PROD003|MATERIAL BRUTO C|15.83|UN|4368.29|5101|40|0.00|12.00|0.00|0.00|0.00|0.00|0.00|0.00|0.00|
|C170|2|PROD002|COMPONENTE ELETRICO B|48.87|UN|1670.51|5101|00|1612.87|12.00|193.54|0.00|0.00|0.00|0.00|0.00|0.00|
|C100|1|0|11223344000166|55|00|000000131|000|20032024|21032024|57234.33|29161.29|3499.35|0.00|0.00|0.00|0.00|0.00|0.00|0.00|0|55512312300010|
|C170|1|PROD002|COMPONENTE ELETRICO B|44.68|UN|1597.24|6102|10|1401.01|12.00|168.12|0.00|0.00|0.00|0.00|0.00|0.00|
|C170|2|PROD008|CONJUNTO MONTADO H|32.86|UN|29942.14|6102|10|27760.28|12.00|3331.23|0.00|0.00|0.00|0.00|0.00|0.00|
|C170|3|PROD008|CONJUNTO MONTADO H|21.79|UN|21244.48|6102|50|0.00|12.00|0.00|0.00|0.00|0.00|0.00|0.00|0.00|
|C170|4|PROD007|PARTE SOBRESSALENTE G|28.93|UN|4450.47|6102|60|0.00|12.00|0.00|0.00|0.00|0.00|0.00|0.00|0.00|
|C100|1|0|11223344000166|55|00|000000132|000|13032024|13032024|14896.61|6088.94|730.67|0.00|0.00|0.00|0.00|0.00|0.00|0.00|0|33366699000100|
|C170|1|PROD001|PECA MECANICA TIPO A|17.50|UN|1070.72|5101|10|1045.18|12.00|125.42|0.00|0.00|0.00|0.00|0.00|0.00|
|C170|2|PROD001|PECA MECANICA TIPO A|46.95|UN|3676.50|5101|40|0.00|12.00|0.00|0.00|0.00|0.00|0.00|0.00|0.00|
|C170|3|PROD001|PECA MECANICA TIPO A|42.59|UN|4329.60|5101|41|0.00|12.00|0.00|0.00|0.00|0.00|0.00|0.00|0.00|
|C170|4|PROD003|MATERIAL BRUTO C|17.17|UN|5819.79|5101|10|5043.76|12.00|605.25|0.00|0.00|0.00|0.00|0.00|0.00|
|C100|1|0|11223344000166|55|00|000000133|000|28032024|28032024|4289.04|4274.41|512.93|0.00|0.00|0.00|0.00|0.00|0.00|0.00|0|55512312300010|
|C170|1|PROD004|PRODUTO ACABADO D|6.68|UN|4289.04|5102|00|4274.41|12.00|512.93|0.00|0.00|0.00|0.00|0.00|0.00|
|C100|1|0|11223344000166|55|00|000000134|000|18032024|21032024|1170.88|913.79|109.65|0.00|0.00|0.00|0.00|0.00|0.00|0.00|0|22244466000133|
|C170|1|PROD006|EMBALAGEM PADRAO F|37.90|UN|212.99|5101|41|0.00|12.00|0.00|0.00|0.00|0.00|0.00|0.00|0.00|
|C170|2|PROD001|PECA MECANICA TIPO A|16.14|UN|957.89|5101|90|913.79|12.00|109.65|0.00|0.00|0.00|0.00|0.00|0.00|
|C100|1|0|11223344000166|55|00|000000135|000|02032024|02032024|73673.46|2421.28|290.55|0.00|0.00|0.00|0.00|0.00|0.00|0.00|0|55512312300010|
|C170|1|PROD007|PARTE SOBRESSALENTE G|11.28|UN|1403.80|5102|40|0.00|12.00|0.00|0.00|0.00|0.00|0.00|0.00|0.00|
|C170|2|PROD008|CONJUNTO MONTADO H|31.35|UN|34182.15|5102|41|0.00|12.00|0.00|0.00|0.00|0.00|0.00|0.00|0.00|
|C170|3|PROD008|CONJUNTO MONTADO H|29.62|UN|35500.16|5102|40|0.00|12.00|0.00|0.00|0.00|0.00|0.00|0.00|0.00|
|C170|4|PROD001|PECA MECANICA TIPO A|22.00|UN|2587.35|5102|00|2421.28|12.00|290.55|0.00|0.00|0.00|0.00|0.00|0.00|
|C100|1|0|11223344000166|55|00|000000136|000|31032024|02042024|13217.75|10409.52|1249.14|0.00|0.00|0.00|0.00|0.00|0.00|0.00|0|33366699000100|
|C170|1|PROD005|INSUMO INDUSTRIAL E|34.91|UN|1150.98|6102|40|0.00|12.00|0.00|0.00|0.00|0.00|0.00|0.00|0.00|
|C170|2|PROD001|PECA MECANICA TIPO A|5.99|UN|636.33|6102|00|559.70|12.00|67.16|0.00|0.00|0.00|0.00|0.00|0.00|
|C170|3|PROD002|COMPONENTE ELETRICO B|31.67|UN|2488.15|6102|10|2218.99|12.00|266.28|0.00|0.00|0.00|0.00|0.00|0.00|
|C170|4|PROD008|CONJUNTO MONTADO H|11.85|UN|8842.83|6102|00|7536.23|12.00|904.35|0.00|0.00|0.00|0.00|0.00|0.00|
|C170|5|PROD002|COMPONENTE ELETRICO B|2.28|UN|99.46|6102|00|94.60|12.00|11.35|0.00|0.00|0.00|0.00|0.00|0.00|
|C100|1|0|11223344000166|55|00|000000137|000|28032024|28032024|5812.68|0.00|0.00|0.00|0.00|0.00|0.00|0.00|0.00|0.00|0|77788899000177|
|C170|1|PROD002|COMPONENTE ELETRICO B|41.70|UN|2119.66|6101|30|0.00|12.00|0.00|0.00|0.00|0.00|0.00|0.00|0.00|
|C170|2|PROD001|PECA MECANICA TIPO A|37.68|UN|3693.02|6101|30|0.00|12.00|0.00|0.00|0.00|0.00|0.00|0.00|0.00|
|C100|1|0|11223344000166|55|00|000000138|000|03032024|03032024|65502.15|34988.53|4198.62|0.00|0.00|0.00|0.00|0.00|0.00|0.00|0|77788899000177|
|C170|1|PROD004|PRODUTO ACABADO D|41.52|UN|26229.25|5401|40|0.00|12.00|0.00|0.00|0.00|0.00|0.00|0.00|0.00|
|C170|2|PROD006|EMBALAGEM PADRAO F|46.41|UN|268.71|5401|40|0.00|12.00|0.00|0.00|0.00|0.00|0.00|0.00|0.00|
|C170|3|PROD004|PRODUTO ACABADO D|4.27|UN|3705.81|5401|10|3633.91|12.00|436.07|0.00|0.00|0.00|0.00|0.00|0.00|
|C170|4|PROD004|PRODUTO ACABADO D|31.66|UN|23419.64|5401|90|20988.50|12.00|2518.62|0.00|0.00|0.00|0.00|0.00|0.00|
|C170|5|PROD003|MATERIAL BRUTO C|45.36|UN|11878.74|5401|00|10366.12|12.00|1243.93|0.00|0.00|0.00|0.00|0.00|0.00|
|C100|1|0|11223344000166|55|00|000000139|000|25032024|26032024|12344.08|11544.31|1385.32|0.00|0.00|0.00|0.00|0.00|0.00|0.00|0|55512312300010|
|C170|1|PROD001|PECA MECANICA TIPO A|16.26|UN|986.31|6102|00|924.92|12.00|110.99|0.00|0.00|0.00|0.00|0.00|0.00|
|C170|2|PROD005|INSUMO INDUSTRIAL E|28.33|UN|509.05|6102|00|458.30|12.00|55.00|0.00|0.00|0.00|0.00|0.00|0.00|
|C170|3|PROD001|PECA MECANICA TIPO A|25.15|UN|1280.84|6102|90|1124.55|12.00|134.95|0.00|0.00|0.00|0.00|0.00|0.00|
|C170|4|PROD003|MATERIAL BRUTO C|13.79|UN|3338.07|6102|00|3283.36|12.00|394.00|0.00|0.00|0.00|0.00|0.00|0.00|
|C170|5|PROD003|MATERIAL BRUTO C|20.43|UN|6229.81|6102|10|5753.18|12.00|690.38|0.00|0.00|0.00|0.00|0.00|0.00|
|C100|1|0|11223344000166|55|00|000000140|000|23032024|24032024|7686.15|7565.44|907.85|0.00|0.00|0.00|0.00|0.00|0.00|0.00|0|77788899000177|
|C170|1|PROD004|PRODUTO ACABADO D|9.04|UN|7686.15|6101|00|7565.44|12.00|907.85|0.00|0.00|0.00|0.00|0.00|0.00|
|C100|1|0|11223344000166|55|00|000000141|000|27032024|29032024|577.83|0.00|0.00|0.00|0.00|0.00|0.00|0.00|0.00|0.00|0|33366699000100|
|C170|1|PROD005|INSUMO INDUSTRIAL E|14.70|UN|577.83|5401|40|0.00|12.00|0.00|0.00|0.00|0.00|0.00|0.00|0.00|
|C100|1|0|11223344000166|55|00|000000142|000|14032024|14032024|23002.08|17365.63|2083.88|0.00|0.00|0.00|0.00|0.00|0.00|0.00|0|99900011000155|
|C170|1|PROD001|PECA MECANICA TIPO A|34.66|UN|2216.07|5401|40|0.00|12.00|0.00|0.00|0.00|0.00|0.00|0.00|0.00|
|C170|2|PROD001|PECA MECANICA TIPO A|36.49|UN|3378.71|5401|00|3213.47|12.00|385.62|0.00|0.00|0.00|0.00|0.00|0.00|
|C170|3|PROD007|PARTE SOBRESSALENTE G|16.68|UN|1776.05|5401|50|0.00|12.00|0.00|0.00|0.00|0.00|0.00|0.00|0.00|
|C170|4|PROD003|MATERIAL BRUTO C|49.86|UN|12847.43|5401|00|11432.78|12.00|1371.93|0.00|0.00|0.00|0.00|0.00|0.00|
|C170|5|PROD007|PARTE SOBRESSALENTE G|28.27|UN|2783.82|5401|90|2719.38|12.00|326.33|0.00|0.00|0.00|0.00|0.00|0.00|
|C100|1|0|11223344000166|55|00|000000143|000|08032024|08032024|40260.34|18003.32|2160.40|0.00|0.00|0.00|0.00|0.00|0.00|0.00|0|33366699000100|
|C170|1|PROD004|PRODUTO ACABADO D|36.60|UN|18503.18|6102|00|18003.32|12.00|2160.40|0.00|0.00|0.00|0.00|0.00|0.00|
|C170|2|PROD003|MATERIAL BRUTO C|30.57|UN|7748.38|6102|41|0.00|12.00|0.00|0.00|0.00|0.00|0.00|0.00|0.00|
|C170|3|PROD004|PRODUTO ACABADO D|15.24|UN|14008.78|6102|41|0.00|12.00|0.00|0.00|0.00|0.00|0.00|0.00|0.00|
|C100|1|0|11223344000166|55|00|000000144|000|21032024|21032024|4179.44|2209.60|265.15|0.00|0.00|0.00|0.00|0.00|0.00|0.00|0|55512312300010|
|C170|1|PROD005|INSUMO INDUSTRIAL E|46.08|UN|1686.14|5101|40|0.00|12.00|0.00|0.00|0.00|0.00|0.00|0.00|0.00|
|C170|2|PROD002|COMPONENTE ELETRICO B|48.22|UN|2493.30|5101|00|2209.60|12.00|265.15|0.00|0.00|0.00|0.00|0.00|0.00|
|C100|1|0|11223344000166|55|00|000000145|000|21032024|24032024|37543.96|32378.44|3885.40|0.00|0.00|0.00|0.00|0.00|0.00|0.00|0|77788899000177|
|C170|1|PROD004|PRODUTO ACABADO D|20.41|UN|16751.31|6102|00|15146.95|12.00|1817.63|0.00|0.00|0.00|0.00|0.00|0.00|
|C170|2|PROD003|MATERIAL BRUTO C|30.43|UN|10053.82|6102|00|9326.03|12.00|1119.12|0.00|0.00|0.00|0.00|0.00|0.00|
|C170|3|PROD007|PARTE SOBRESSALENTE G|6.27|UN|610.20|6102|00|556.18|12.00|66.74|0.00|0.00|0.00|0.00|0.00|0.00|
|C170|4|PROD004|PRODUTO ACABADO D|14.06|UN|7420.27|6102|20|7349.28|12.00|881.91|0.00|0.00|0.00|0.00|0.00|0.00|
|C170|5|PROD002|COMPONENTE ELETRICO B|47.01|UN|2708.36|6102|40|0.00|12.00|0.00|0.00|0.00|0.00|0.00|0.00|0.00|
|C100|1|0|11223344000166|55|00|000000146|000|02032024|05032024|43785.08|14649.10|1757.89|0.00|0.00|0.00|0.00|0.00|0.00|0.00|0|77788899000177|
|C170|1|PROD005|INSUMO INDUSTRIAL E|35.83|UN|1345.62|6102|00|1295.26|12.00|155.43|0.00|0.00|0.00|0.00|0.00|0.00|
|C170|2|PROD008|CONJUNTO MONTADO H|32.45|UN|26057.47|6102|60|0.00|12.00|0.00|0.00|0.00|0.00|0.00|0.00|0.00|
|C170|3|PROD004|PRODUTO ACABADO D|28.71|UN|15570.42|6102|51|13353.84|12.00|1602.46|0.00|0.00|0.00|0.00|0.00|0.00|
|C170|4|PROD005|INSUMO INDUSTRIAL E|41.43|UN|811.57|6102|41|0.00|12.00|0.00|0.00|0.00|0.00|0.00|0.00|0.00|
|C100|1|0|11223344000166|55|00|000000147|000|05032024|05032024|7371.90|3635.21|436.23|0.00|0.00|0.00|0.00|0.00|0.00|0.00|0|33366699000100|
|C170|1|PROD008|CONJUNTO MONTADO H|2.83|UN|3441.02|5401|60|0.00|12.00|0.00|0.00|0.00|0.00|0.00|0.00|0.00|
|C170|2|PROD007|PARTE SOBRESSALENTE G|44.58|UN|3930.88|5401|00|3635.21|12.00|436.23|0.00|0.00|0.00|0.00|0.00|0.00|
|C100|1|0|11223344000166|55|00|000000148|000|07032024|09032024|404.73|404.22|48.51|0.00|0.00|0.00|0.00|0.00|0.00|0.00|0|77788899000177|
|C170|1|PROD006|EMBALAGEM PADRAO F|38.92|UN|404.73|6101|00|404.22|12.00|48.51|0.00|0.00|0.00|0.00|0.00|0.00|
|C100|1|0|11223344000166|55|00|000000149|000|27032024|29032024|26779.69|23952.27|2874.27|0.00|0.00|0.00|0.00|0.00|0.00|0.00|0|55512312300010|
|C170|1|PROD004|PRODUTO ACABADO D|38.61|UN|21530.48|6101|00|19148.76|12.00|2297.85|0.00|0.00|0.00|0.00|0.00|0.00|
|C170|2|PROD006|EMBALAGEM PADRAO F|34.93|UN|354.93|6101|00|306.97|12.00|36.84|0.00|0.00|0.00|0.00|0.00|0.00|
|C170|3|PROD007|PARTE SOBRESSALENTE G|39.30|UN|4894.28|6101|00|4496.54|12.00|539.58|0.00|0.00|0.00|0.00|0.00|0.00|
|C100|1|0|11223344000166|55|00|000000150|000|19032024|20032024|60299.32|46634.50|5596.14|0.00|0.00|0.00|0.00|0.00|0.00|0.00|0|22244466000133|
|C170|1|PROD004|PRODUTO ACABADO D|46.82|UN|45397.98|5102|20|39651.43|12.00|4758.17|0.00|0.00|0.00|0.00|0.00|0.00|
|C170|2|PROD003|MATERIAL BRUTO C|24.03|UN|6345.77|5102|40|0.00|12.00|0.00|0.00|0.00|0.00|0.00|0.00|0.00|
|C170|3|PROD005|INSUMO INDUSTRIAL E|32.21|UN|1302.13|5102|40|0.00|12.00|0.00|0.00|0.00|0.00|0.00|0.00|0.00|
|C170|4|PROD007|PARTE SOBRESSALENTE G|18.82|UN|1590.22|5102|00|1414.24|12.00|169.71|0.00|0.00|0.00|0.00|0.00|0.00|
|C170|5|PROD007|PARTE SOBRESSALENTE G|40.00|UN|5663.22|5102|00|5568.83|12.00|668.26|0.00|0.00|0.00|0.00|0.00|0.00|
|C100|1|0|11223344000166|55|00|000000151|000|10032024|10032024|40409.39|37252.54|4470.30|0.00|0.00|0.00|0.00|0.00|0.00|0.00|0|22244466000133|
|C170|1|PROD008|CONJUNTO MONTADO H|42.34|UN|40319.96|5403|90|37172.67|12.00|4460.72|0.00|0.00|0.00|0.00|0.00|0.00|
|C170|2|PROD007|PARTE SOBRESSALENTE G|1.07|UN|89.43|5403|20|79.87|12.00|9.58|0.00|0.00|0.00|0.00|0.00|0.00|
|C100|1|0|11223344000166|55|00|000000152|000|29032024|30032024|25218.89|6022.28|722.68|0.00|0.00|0.00|0.00|0.00|0.00|0.00|0|22244466000133|
|C170|1|PROD008|CONJUNTO MONTADO H|1.36|UN|1751.21|5102|00|1543.80|12.00|185.26|0.00|0.00|0.00|0.00|0.00|0.00|
|C170|2|PROD002|COMPONENTE ELETRICO B|5.39|UN|285.24|5102|30|0.00|12.00|0.00|0.00|0.00|0.00|0.00|0.00|0.00|
|C170|3|PROD008|CONJUNTO MONTADO H|12.77|UN|14147.12|5102|40|0.00|12.00|0.00|0.00|0.00|0.00|0.00|0.00|0.00|
|C170|4|PROD007|PARTE SOBRESSALENTE G|29.20|UN|4360.71|5102|40|0.00|12.00|0.00|0.00|0.00|0.00|0.00|0.00|0.00|
|C170|5|PROD007|PARTE SOBRESSALENTE G|31.33|UN|4674.61|5102|10|4478.48|12.00|537.42|0.00|0.00|0.00|0.00|0.00|0.00|
|C100|1|0|11223344000166|55|00|000000153|000|08032024|08032024|34639.00|31659.82|3799.17|0.00|0.00|0.00|0.00|0.00|0.00|0.00|0|22244466000133|
|C170|1|PROD005|INSUMO INDUSTRIAL E|12.48|UN|241.24|6102|00|226.45|12.00|27.17|0.00|0.00|0.00|0.00|0.00|0.00|
|C170|2|PROD001|PECA MECANICA TIPO A|38.87|UN|2910.03|6102|00|2871.76|12.00|344.61|0.00|0.00|0.00|0.00|0.00|0.00|
|C170|3|PROD001|PECA MECANICA TIPO A|31.07|UN|3058.11|6102|00|2985.17|12.00|358.22|0.00|0.00|0.00|0.00|0.00|0.00|
|C170|4|PROD006|EMBALAGEM PADRAO F|20.23|UN|165.09|6102|60|0.00|12.00|0.00|0.00|0.00|0.00|0.00|0.00|0.00|
|C170|5|PROD008|CONJUNTO MONTADO H|23.28|UN|28264.53|6102|10|25576.44|12.00|3069.17|0.00|0.00|0.00|0.00|0.00|0.00|
|C100|1|0|11223344000166|55|00|000000154|000|16032024|18032024|8899.42|6396.02|767.52|0.00|0.00|0.00|0.00|0.00|0.00|0.00|0|55512312300010|
|C170|1|PROD005|INSUMO INDUSTRIAL E|25.32|UN|856.76|6102|60|0.00|12.00|0.00|0.00|0.00|0.00|0.00|0.00|0.00|
|C170|2|PROD004|PRODUTO ACABADO D|3.61|UN|3044.78|6102|00|3029.32|12.00|363.52|0.00|0.00|0.00|0.00|0.00|0.00|
|C170|3|PROD001|PECA MECANICA TIPO A|10.31|UN|1086.47|6102|30|0.00|12.00|0.00|0.00|0.00|0.00|0.00|0.00|0.00|
|C170|4|PROD007|PARTE SOBRESSALENTE G|29.24|UN|3911.41|6102|20|3366.70|12.00|404.00|0.00|0.00|0.00|0.00|0.00|0.00|
|C100|1|0|11223344000166|55|00|000000155|000|08032024|09032024|3430.08|0.00|0.00|0.00|0.00|0.00|0.00|0.00|0.00|0.00|0|55512312300010|
|C170|1|PROD008|CONJUNTO MONTADO H|3.70|UN|3430.08|5101|50|0.00|12.00|0.00|0.00|0.00|0.00|0.00|0.00|0.00|
|C100|1|0|11223344000166|55|00|000000156|000|13032024|16032024|35687.68|1047.49|125.70|0.00|0.00|0.00|0.00|0.00|0.00|0.00|0|22244466000133|
|C170|1|PROD008|CONJUNTO MONTADO H|33.79|UN|28355.54|5101|30|0.00|12.00|0.00|0.00|0.00|0.00|0.00|0.00|0.00|
|C170|2|PROD004|PRODUTO ACABADO D|7.79|UN|6127.18|5101|30|0.00|12.00|0.00|0.00|0.00|0.00|0.00|0.00|0.00|
|C170|3|PROD007|PARTE SOBRESSALENTE G|12.07|UN|1204.96|5101|10|1047.49|12.00|125.70|0.00|0.00|0.00|0.00|0.00|0.00|
|C100|1|0|11223344000166|55|00|000000157|000|24032024|26032024|24.92|21.29|2.55|0.00|0.00|0.00|0.00|0.00|0.00|0.00|0|33366699000100|
|C170|1|PROD006|EMBALAGEM PADRAO F|2.44|UN|24.92|6102|10|21.29|12.00|2.55|0.00|0.00|0.00|0.00|0.00|0.00|
|C100|1|0|11223344000166|55|00|000000158|000|29032024|29032024|2885.52|2385.14|286.22|0.00|0.00|0.00|0.00|0.00|0.00|0.00|0|77788899000177|
|C170|1|PROD007|PARTE SOBRESSALENTE G|21.51|UN|2425.45|5401|00|2385.14|12.00|286.22|0.00|0.00|0.00|0.00|0.00|0.00|
|C170|2|PROD006|EMBALAGEM PADRAO F|44.20|UN|460.07|5401|60|0.00|12.00|0.00|0.00|0.00|0.00|0.00|0.00|0.00|
|C100|1|0|11223344000166|55|00|000000159|000|01032024|02032024|2647.22|684.25|82.11|0.00|0.00|0.00|0.00|0.00|0.00|0.00|0|33366699000100|
|C170|1|PROD001|PECA MECANICA TIPO A|22.23|UN|1869.74|5403|50|0.00|12.00|0.00|0.00|0.00|0.00|0.00|0.00|0.00|
|C170|2|PROD005|INSUMO INDUSTRIAL E|28.36|UN|592.24|5403|00|517.44|12.00|62.09|0.00|0.00|0.00|0.00|0.00|0.00|
|C170|3|PROD007|PARTE SOBRESSALENTE G|1.89|UN|185.24|5403|51|166.81|12.00|20.02|0.00|0.00|0.00|0.00|0.00|0.00|
|C100|1|0|11223344000166|55|00|000000160|000|09032024|12032024|8811.06|370.73|44.48|0.00|0.00|0.00|0.00|0.00|0.00|0.00|0|99900011000155|
|C170|1|PROD001|PECA MECANICA TIPO A|26.93|UN|1714.30|5102|40|0.00|12.00|0.00|0.00|0.00|0.00|0.00|0.00|0.00|
|C170|2|PROD003|MATERIAL BRUTO C|11.48|UN|3506.53|5102|30|0.00|12.00|0.00|0.00|0.00|0.00|0.00|0.00|0.00|
|C170|3|PROD001|PECA MECANICA TIPO A|38.58|UN|3177.53|5102|40|0.00|12.00|0.00|0.00|0.00|0.00|0.00|0.00|0.00|
|C170|4|PROD006|EMBALAGEM PADRAO F|1.86|UN|21.52|5102|20|18.70|12.00|2.24|0.00|0.00|0.00|0.00|0.00|0.00|
|C170|5|PROD001|PECA MECANICA TIPO A|7.31|UN|391.18|5102|00|352.03|12.00|42.24|0.00|0.00|0.00|0.00|0.00|0.00|
|C100|1|0|11223344000166|55|00|000000161|000|22032024|23032024|1151.11|0.00|0.00|0.00|0.00|0.00|0.00|0.00|0.00|0.00|0|99900011000155|
|C170|1|PROD007|PARTE SOBRESSALENTE G|8.57|UN|1151.11|6102|40|0.00|12.00|0.00|0.00|0.00|0.00|0.00|0.00|0.00|
|C100|1|0|11223344000166|55|00|000000162|000|21032024|23032024|30006.33|14629.57|1755.55|0.00|0.00|0.00|0.00|0.00|0.00|0.00|0|99900011000155|
|C170|1|PROD003|MATERIAL BRUTO C|26.29|UN|8487.81|6101|40|0.00|12.00|0.00|0.00|0.00|0.00|0.00|0.00|0.00|
|C170|2|PROD007|PARTE SOBRESSALENTE G|9.54|UN|1086.44|6101|60|0.00|12.00|0.00|0.00|0.00|0.00|0.00|0.00|0.00|
|C170|3|PROD001|PECA MECANICA TIPO A|38.60|UN|4311.12|6101|50|0.00|12.00|0.00|0.00|0.00|0.00|0.00|0.00|0.00|
|C170|4|PROD008|CONJUNTO MONTADO H|12.19|UN|14980.40|6101|90|13589.99|12.00|1630.80|0.00|0.00|0.00|0.00|0.00|0.00|
|C170|5|PROD001|PECA MECANICA TIPO A|13.34|UN|1140.56|6101|20|1039.58|12.00|124.75|0.00|0.00|0.00|0.00|0.00|0.00|
|C100|1|0|11223344000166|55|00|000000163|000|01032024|02032024|6427.38|5785.53|694.26|0.00|0.00|0.00|0.00|0.00|0.00|0.00|0|55512312300010|
|C170|1|PROD005|INSUMO INDUSTRIAL E|45.60|UN|1288.12|6102|00|1208.99|12.00|145.08|0.00|0.00|0.00|0.00|0.00|0.00|
|C170|2|PROD007|PARTE SOBRESSALENTE G|47.70|UN|5139.26|6102|10|4576.54|12.00|549.18|0.00|0.00|0.00|0.00|0.00|0.00|
|C100|1|0|11223344000166|55|00|000000164|000|13032024|13032024|41609.08|13573.87|1628.87|0.00|0.00|0.00|0.00|0.00|0.00|0.00|0|22244466000133|
|C170|1|PROD008|CONJUNTO MONTADO H|21.53|UN|23391.02|5403|40|0.00|12.00|0.00|0.00|0.00|0.00|0.00|0.00|0.00|
|C170|2|PROD005|INSUMO INDUSTRIAL E|46.40|UN|1144.76|5403|00|1118.58|12.00|134.23|0.00|0.00|0.00|0.00|0.00|0.00|
|C170|3|PROD004|PRODUTO ACABADO D|16.10|UN|13451.16|5403|00|12007.47|12.00|1440.90|0.00|0.00|0.00|0.00|0.00|0.00|
|C170|4|PROD005|INSUMO INDUSTRIAL E|22.80|UN|500.39|5403|10|447.82|12.00|53.74|0.00|0.00|0.00|0.00|0.00|0.00|
|C170|5|PROD002|COMPONENTE ELETRICO B|39.96|UN|3121.75|5403|40|0.00|12.00|0.00|0.00|0.00|0.00|0.00|0.00|0.00|
|C100|1|0|11223344000166|55|00|000000165|000|10032024|12032024|158.85|148.83|17.86|0.00|0.00|0.00|0.00|0.00|0.00|0.00|0|77788899000177|
|C170|1|PROD005|INSUMO INDUSTRIAL E|5.30|UN|158.85|6102|90|148.83|12.00|17.86|0.00|0.00|0.00|0.00|0.00|0.00|
|C100|1|0|11223344000166|55|00|000000166|000|07032024|09032024|10113.32|9508.96|1141.08|0.00|0.00|0.00|0.00|0.00|0.00|0.00|0|33366699000100|
|C170|1|PROD008|CONJUNTO MONTADO H|13.67|UN|10113.32|5102|10|9508.96|12.00|1141.08|0.00|0.00|0.00|0.00|0.00|0.00|
|C100|1|0|11223344000166|55|00|000000167|000|02032024|04032024|25667.11|1976.89|237.23|0.00|0.00|0.00|0.00|0.00|0.00|0.00|0|77788899000177|
|C170|1|PROD002|COMPONENTE ELETRICO B|7.77|UN|412.51|5403|30|0.00|12.00|0.00|0.00|0.00|0.00|0.00|0.00|0.00|
|C170|2|PROD004|PRODUTO ACABADO D|23.74|UN|23021.84|5403|40|0.00|12.00|0.00|0.00|0.00|0.00|0.00|0.00|0.00|
|C170|3|PROD001|PECA MECANICA TIPO A|28.96|UN|2232.76|5403|00|1976.89|12.00|237.23|0.00|0.00|0.00|0.00|0.00|0.00|
|C100|1|0|11223344000166|55|00|000000168|000|29032024|29032024|56055.22|1191.65|143.00|0.00|0.00|0.00|0.00|0.00|0.00|0.00|0|77788899000177|
|C170|1|PROD007|PARTE SOBRESSALENTE G|25.84|UN|3118.49|5403|40|0.00|12.00|0.00|0.00|0.00|0.00|0.00|0.00|0.00|
|C170|2|PROD008|CONJUNTO MONTADO H|36.60|UN|42950.16|5403|40|0.00|12.00|0.00|0.00|0.00|0.00|0.00|0.00|0.00|
|C170|3|PROD007|PARTE SOBRESSALENTE G|49.82|UN|4586.74|5403|70|0.00|12.00|0.00|0.00|0.00|0.00|0.00|0.00|0.00|
|C170|4|PROD002|COMPONENTE ELETRICO B|48.53|UN|4043.45|5403|40|0.00|12.00|0.00|0.00|0.00|0.00|0.00|0.00|0.00|
|C170|5|PROD002|COMPONENTE ELETRICO B|27.36|UN|1356.38|5403|51|1191.65|12.00|143.00|0.00|0.00|0.00|0.00|0.00|0.00|
|C100|1|0|11223344000166|55|00|000000169|000|25032024|26032024|9071.22|8654.53|1038.54|0.00|0.00|0.00|0.00|0.00|0.00|0.00|0|99900011000155|
|C170|1|PROD001|PECA MECANICA TIPO A|39.58|UN|4145.13|6101|51|4042.28|12.00|485.07|0.00|0.00|0.00|0.00|0.00|0.00|
|C170|2|PROD006|EMBALAGEM PADRAO F|14.18|UN|77.58|6101|00|75.07|12.00|9.01|0.00|0.00|0.00|0.00|0.00|0.00|
|C170|3|PROD001|PECA MECANICA TIPO A|35.05|UN|1907.64|6101|00|1768.25|12.00|212.19|0.00|0.00|0.00|0.00|0.00|0.00|
|C170|4|PROD002|COMPONENTE ELETRICO B|41.13|UN|2940.87|6101|00|2768.93|12.00|332.27|0.00|0.00|0.00|0.00|0.00|0.00|
|C100|1|0|11223344000166|55|00|000000170|000|15032024|15032024|24604.87|463.50|55.62|0.00|0.00|0.00|0.00|0.00|0.00|0.00|0|99900011000155|
|C170|1|PROD004|PRODUTO ACABADO D|40.70|UN|22611.89|5101|41|0.00|12.00|0.00|0.00|0.00|0.00|0.00|0.00|0.00|
|C170|2|PROD003|MATERIAL BRUTO C|1.68|UN|476.48|5101|20|463.50|12.00|55.62|0.00|0.00|0.00|0.00|0.00|0.00|
|C170|3|PROD005|INSUMO INDUSTRIAL E|43.89|UN|1516.50|5101|30|0.00|12.00|0.00|0.00|0.00|0.00|0.00|0.00|0.00|
|C100|1|0|11223344000166|55|00|000000171|000|29032024|29032024|536.19|474.88|56.99|0.00|0.00|0.00|0.00|0.00|0.00|0.00|0|99900011000155|
|C170|1|PROD002|COMPONENTE ELETRICO B|6.46|UN|536.19|6102|00|474.88|12.00|56.99|0.00|0.00|0.00|0.00|0.00|0.00|
|C100|1|0|11223344000166|55|00|000000172|000|02032024|02032024|19877.79|11097.18|1331.66|0.00|0.00|0.00|0.00|0.00|0.00|0.00|0|33366699000100|
|C170|1|PROD007|PARTE SOBRESSALENTE G|45.86|UN|6488.38|5101|00|6424.19|12.00|770.90|0.00|0.00|0.00|0.00|0.00|0.00|
|C170|2|PROD003|MATERIAL BRUTO C|31.02|UN|8180.33|5101|40|0.00|12.00|0.00|0.00|0.00|0.00|0.00|0.00|0.00|
|C170|3|PROD008|CONJUNTO MONTADO H|3.97|UN|5209.08|5101|00|4672.99|12.00|560.76|0.00|0.00|0.00|0.00|0.00|0.00|
|C100|1|0|11223344000166|55|00|000000173|000|20032024|23032024|38376.78|15538.52|1864.62|0.00|0.00|0.00|0.00|0.00|0.00|0.00|0|55512312300010|
|C170|1|PROD004|PRODUTO ACABADO D|27.25|UN|16232.53|5102|00|15001.68|12.00|1800.20|0.00|0.00|0.00|0.00|0.00|0.00|
|C170|2|PROD001|PECA MECANICA TIPO A|9.65|UN|518.60|5102|40|0.00|12.00|0.00|0.00|0.00|0.00|0.00|0.00|0.00|
|C170|3|PROD004|PRODUTO ACABADO D|36.94|UN|21054.52|5102|40|0.00|12.00|0.00|0.00|0.00|0.00|0.00|0.00|0.00|
|C170|4|PROD005|INSUMO INDUSTRIAL E|24.51|UN|571.13|5102|00|536.84|12.00|64.42|0.00|0.00|0.00|0.00|0.00|0.00|
|C100|1|0|11223344000166|55|00|000000174|000|20032024|23032024|4183.02|2601.81|312.22|0.00|0.00|0.00|0.00|0.00|0.00|0.00|0|22244466000133|
|C170|1|PROD004|PRODUTO ACABADO D|3.86|UN|2673.36|6101|00|2601.81|12.00|312.22|0.00|0.00|0.00|0.00|0.00|0.00|
|C170|2|PROD008|CONJUNTO MONTADO H|1.93|UN|1509.66|6101|40|0.00|12.00|0.00|0.00|0.00|0.00|0.00|0.00|0.00|
|C100|1|0|11223344000166|55|00|000000175|000|18032024|19032024|7201.68|6278.45|753.42|0.00|0.00|0.00|0.00|0.00|0.00|0.00|0|33366699000100|
|C170|1|PROD002|COMPONENTE ELETRICO B|47.87|UN|2605.03|5101|10|2227.47|12.00|267.30|0.00|0.00|0.00|0.00|0.00|0.00|
|C170|2|PROD001|PECA MECANICA TIPO A|41.50|UN|4596.65|5101|10|4050.98|12.00|486.12|0.00|0.00|0.00|0.00|0.00|0.00|
|C100|1|0|11223344000166|55|00|000000176|000|22032024|25032024|33643.05|0.00|0.00|0.00|0.00|0.00|0.00|0.00|0.00|0.00|0|33366699000100|
|C170|1|PROD008|CONJUNTO MONTADO H|26.29|UN|33643.05|5101|40|0.00|12.00|0.00|0.00|0.00|0.00|0.00|0.00|0.00|
|C100|1|0|11223344000166|55|00|000000177|000|07032024|07032024|25004.95|0.00|0.00|0.00|0.00|0.00|0.00|0.00|0.00|0.00|0|22244466000133|
|C170|1|PROD004|PRODUTO ACABADO D|42.85|UN|24489.49|5403|40|0.00|12.00|0.00|0.00|0.00|0.00|0.00|0.00|0.00|
|C170|2|PROD007|PARTE SOBRESSALENTE G|3.85|UN|515.46|5403|40|0.00|12.00|0.00|0.00|0.00|0.00|0.00|0.00|0.00|
|C100|1|0|11223344000166|55|00|000000178|000|10032024|12032024|11020.32|404.62|48.55|0.00|0.00|0.00|0.00|0.00|0.00|0.00|0|99900011000155|
|C170|1|PROD003|MATERIAL BRUTO C|42.27|UN|9871.97|6101|50|0.00|12.00|0.00|0.00|0.00|0.00|0.00|0.00|0.00|
|C170|2|PROD001|PECA MECANICA TIPO A|4.81|UN|308.00|6101|00|267.08|12.00|32.05|0.00|0.00|0.00|0.00|0.00|0.00|
|C170|3|PROD001|PECA MECANICA TIPO A|2.03|UN|149.60|6101|00|137.54|12.00|16.50|0.00|0.00|0.00|0.00|0.00|0.00|
|C170|4|PROD002|COMPONENTE ELETRICO B|9.19|UN|690.75|6101|60|0.00|12.00|0.00|0.00|0.00|0.00|0.00|0.00|0.00|
|C100|1|0|11223344000166|55|00|000000179|000|26032024|29032024|4857.45|1367.52|164.10|0.00|0.00|0.00|0.00|0.00|0.00|0.00|0|22244466000133|
|C170|1|PROD001|PECA MECANICA TIPO A|12.88|UN|992.77|5102|40|0.00|12.00|0.00|0.00|0.00|0.00|0.00|0.00|0.00|
|C170|2|PROD005|INSUMO INDUSTRIAL E|48.37|UN|973.65|5102|10|879.91|12.00|105.59|0.00|0.00|0.00|0.00|0.00|0.00|
|C170|3|PROD005|INSUMO INDUSTRIAL E|27.69|UN|524.98|5102|00|487.61|12.00|58.51|0.00|0.00|0.00|0.00|0.00|0.00|
|C170|4|PROD003|MATERIAL BRUTO C|8.49|UN|2366.05|5102|50|0.00|12.00|0.00|0.00|0.00|0.00|0.00|0.00|0.00|
|C100|1|0|11223344000166|55|00|000000180|000|11032024|14032024|1023.38|73.27|8.79|0.00|0.00|0.00|0.00|0.00|0.00|0.00|0|99900011000155|
|C170|1|PROD006|EMBALAGEM PADRAO F|9.37|UN|84.62|5403|20|73.27|12.00|8.79|0.00|0.00|0.00|0.00|0.00|0.00|
|C170|2|PROD002|COMPONENTE ELETRICO B|13.25|UN|938.76|5403|41|0.00|12.00|0.00|0.00|0.00|0.00|0.00|0.00|0.00|
|C100|1|0|11223344000166|55|00|000000181|000|10032024|12032024|18807.77|2602.57|312.31|0.00|0.00|0.00|0.00|0.00|0.00|0.00|0|77788899000177|
|C170|1|PROD003|MATERIAL BRUTO C|47.34|UN|16136.37|5401|41|0.00|12.00|0.00|0.00|0.00|0.00|0.00|0.00|0.00|
|C170|2|PROD004|PRODUTO ACABADO D|3.53|UN|2671.40|5401|10|2602.57|12.00|312.31|0.00|0.00|0.00|0.00|0.00|0.00|
|C100|1|0|11223344000166|55|00|000000182|000|28032024|31032024|4012.01|859.51|103.14|0.00|0.00|0.00|0.00|0.00|0.00|0.00|0|33366699000100|
|C170|1|PROD005|INSUMO INDUSTRIAL E|5.58|UN|154.20|5102|51|150.63|12.00|18.08|0.00|0.00|0.00|0.00|0.00|0.00|
|C170|2|PROD006|EMBALAGEM PADRAO F|49.70|UN|310.59|5102|00|284.43|12.00|34.13|0.00|0.00|0.00|0.00|0.00|0.00|
|C170|3|PROD005|INSUMO INDUSTRIAL E|20.58|UN|466.25|5102|00|424.45|12.00|50.93|0.00|0.00|0.00|0.00|0.00|0.00|
|C170|4|PROD001|PECA MECANICA TIPO A|17.38|UN|1850.82|5102|30|0.00|12.00|0.00|0.00|0.00|0.00|0.00|0.00|0.00|
|C170|5|PROD003|MATERIAL BRUTO C|3.87|UN|1230.15|5102|30|0.00|12.00|0.00|0.00|0.00|0.00|0.00|0.00|0.00|
|C100|1|0|11223344000166|55|00|000000183|000|25032024|25032024|4742.01|0.00|0.00|0.00|0.00|0.00|0.00|0.00|0.00|0.00|0|55512312300010|
|C170|1|PROD007|PARTE SOBRESSALENTE G|31.83|UN|4742.01|5403|40|0.00|12.00|0.00|0.00|0.00|0.00|0.00|0.00|0.00|
|C100|1|0|11223344000166|55|00|000000184|000|06032024|07032024|46333.83|10928.65|1311.44|0.00|0.00|0.00|0.00|0.00|0.00|0.00|0|55512312300010|
|C170|1|PROD003|MATERIAL BRUTO C|39.38|UN|12519.69|5101|20|10928.65|12.00|1311.44|0.00|0.00|0.00|0.00|0.00|0.00|
|C170|2|PROD008|CONJUNTO MONTADO H|26.66|UN|33814.14|5101|30|0.00|12.00|0.00|0.00|0.00|0.00|0.00|0.00|0.00|
|C100|1|0|11223344000166|55|00|000000185|000|17032024|18032024|3235.48|1865.18|223.82|0.00|0.00|0.00|0.00|0.00|0.00|0.00|0|33366699000100|
|C170|1|PROD005|INSUMO INDUSTRIAL E|48.96|UN|1478.16|6102|00|1402.95|12.00|168.35|0.00|0.00|0.00|0.00|0.00|0.00|
|C170|2|PROD005|INSUMO INDUSTRIAL E|36.91|UN|1257.69|6102|40|0.00|12.00|0.00|0.00|0.00|0.00|0.00|0.00|0.00|
|C170|3|PROD006|EMBALAGEM PADRAO F|5.48|UN|45.41|6102|00|44.10|12.00|5.29|0.00|0.00|0.00|0.00|0.00|0.00|
|C170|4|PROD002|COMPONENTE ELETRICO B|6.20|UN|454.22|6102|10|418.13|12.00|50.18|0.00|0.00|0.00|0.00|0.00|0.00|
|C100|1|0|11223344000166|55|00|000000186|000|20032024|22032024|1485.46|1382.14|165.86|0.00|0.00|0.00|0.00|0.00|0.00|0.00|0|99900011000155|
|C170|1|PROD001|PECA MECANICA TIPO A|14.03|UN|1485.46|5102|10|1382.14|12.00|165.86|0.00|0.00|0.00|0.00|0.00|0.00|
|C100|1|0|11223344000166|55|00|000000187|000|06032024|09032024|1097.92|0.00|0.00|0.00|0.00|0.00|0.00|0.00|0.00|0.00|0|99900011000155|
|C170|1|PROD001|PECA MECANICA TIPO A|15.61|UN|1097.92|5101|60|0.00|12.00|0.00|0.00|0.00|0.00|0.00|0.00|0.00|
|C100|1|0|11223344000166|55|00|000000188|000|22032024|22032024|20741.31|0.00|0.00|0.00|0.00|0.00|0.00|0.00|0.00|0.00|0|22244466000133|
|C170|1|PROD005|INSUMO INDUSTRIAL E|18.02|UN|308.81|6102|50|0.00|12.00|0.00|0.00|0.00|0.00|0.00|0.00|0.00|
|C170|2|PROD003|MATERIAL BRUTO C|38.78|UN|10170.94|6102|30|0.00|12.00|0.00|0.00|0.00|0.00|0.00|0.00|0.00|
|C170|3|PROD003|MATERIAL BRUTO C|41.73|UN|10261.56|6102|40|0.00|12.00|0.00|0.00|0.00|0.00|0.00|0.00|0.00|
|C100|1|0|11223344000166|55|00|000000189|000|15032024|17032024|6245.55|4502.60|540.31|0.00|0.00|0.00|0.00|0.00|0.00|0.00|0|33366699000100|
|C170|1|PROD002|COMPONENTE ELETRICO B|30.50|UN|1125.57|5401|50|0.00|12.00|0.00|0.00|0.00|0.00|0.00|0.00|0.00|
|C170|2|PROD003|MATERIAL BRUTO C|18.89|UN|4770.29|5401|10|4159.94|12.00|499.19|0.00|0.00|0.00|0.00|0.00|0.00|
|C170|3|PROD007|PARTE SOBRESSALENTE G|4.36|UN|349.69|5401|20|342.66|12.00|41.12|0.00|0.00|0.00|0.00|0.00|0.00|
|C100|1|0|11223344000166|55|00|000000190|000|10032024|10032024|36590.36|30931.44|3711.77|0.00|0.00|0.00|0.00|0.00|0.00|0.00|0|33366699000100|
|C170|1|PROD002|COMPONENTE ELETRICO B|9.23|UN|505.55|6101|10|501.62|12.00|60.19|0.00|0.00|0.00|0.00|0.00|0.00|
|C170|2|PROD005|INSUMO INDUSTRIAL E|28.13|UN|690.05|6101|41|0.00|12.00|0.00|0.00|0.00|0.00|0.00|0.00|0.00|
|C170|3|PROD006|EMBALAGEM PADRAO F|36.09|UN|330.22|6101|20|302.06|12.00|36.25|0.00|0.00|0.00|0.00|0.00|0.00|
|C170|4|PROD002|COMPONENTE ELETRICO B|15.74|UN|1115.68|6101|50|0.00|12.00|0.00|0.00|0.00|0.00|0.00|0.00|0.00|
|C170|5|PROD004|PRODUTO ACABADO D|41.55|UN|33948.86|6101|00|30127.76|12.00|3615.33|0.00|0.00|0.00|0.00|0.00|0.00|
|C100|1|0|11223344000166|55|00|000000191|000|20032024|23032024|28979.17|25953.71|3114.44|0.00|0.00|0.00|0.00|0.00|0.00|0.00|0|55512312300010|
|C170|1|PROD008|CONJUNTO MONTADO H|19.56|UN|21529.98|5102|00|19953.94|12.00|2394.47|0.00|0.00|0.00|0.00|0.00|0.00|
|C170|2|PROD006|EMBALAGEM PADRAO F|31.57|UN|217.19|5102|20|186.35|12.00|22.36|0.00|0.00|0.00|0.00|0.00|0.00|
|C170|3|PROD007|PARTE SOBRESSALENTE G|32.30|UN|5158.79|5102|00|4603.57|12.00|552.43|0.00|0.00|0.00|0.00|0.00|0.00|
|C170|4|PROD008|CONJUNTO MONTADO H|1.52|UN|1222.06|5102|00|1209.85|12.00|145.18|0.00|0.00|0.00|0.00|0.00|0.00|
|C170|5|PROD005|INSUMO INDUSTRIAL E|47.66|UN|851.15|5102|40|0.00|12.00|0.00|0.00|0.00|0.00|0.00|0.00|0.00|
|C100|1|0|11223344000166|55|00|000000192|000|24032024|24032024|21597.39|19020.05|2282.41|0.00|0.00|0.00|0.00|0.00|0.00|0.00|0|55512312300010|
|C170|1|PROD002|COMPONENTE ELETRICO B|13.11|UN|781.25|5101|20|699.05|12.00|83.89|0.00|0.00|0.00|0.00|0.00|0.00|
|C170|2|PROD008|CONJUNTO MONTADO H|20.99|UN|20816.14|5101|20|18321.00|12.00|2198.52|0.00|0.00|0.00|0.00|0.00|0.00|
|C100|1|0|11223344000166|55|00|000000193|000|24032024|24032024|37342.46|3512.00|421.44|0.00|0.00|0.00|0.00|0.00|0.00|0.00|0|33366699000100|
|C170|1|PROD008|CONJUNTO MONTADO H|40.80|UN|33783.64|5401|60|0.00|12.00|0.00|0.00|0.00|0.00|0.00|0.00|0.00|
|C170|2|PROD008|CONJUNTO MONTADO H|5.01|UN|3558.82|5401|00|3512.00|12.00|421.44|0.00|0.00|0.00|0.00|0.00|0.00|
|C100|1|0|11223344000166|55|00|000000194|000|02032024|04032024|31781.27|10814.49|1297.74|0.00|0.00|0.00|0.00|0.00|0.00|0.00|0|22244466000133|
|C170|1|PROD001|PECA MECANICA TIPO A|36.92|UN|2511.27|5403|41|0.00|12.00|0.00|0.00|0.00|0.00|0.00|0.00|0.00|
|C170|2|PROD007|PARTE SOBRESSALENTE G|33.44|UN|3693.23|5403|40|0.00|12.00|0.00|0.00|0.00|0.00|0.00|0.00|0.00|
|C170|3|PROD004|PRODUTO ACABADO D|15.82|UN|12834.96|5403|40|0.00|12.00|0.00|0.00|0.00|0.00|0.00|0.00|0.00|
|C170|4|PROD008|CONJUNTO MONTADO H|1.69|UN|1702.05|5403|40|0.00|12.00|0.00|0.00|0.00|0.00|0.00|0.00|0.00|
|C170|5|PROD003|MATERIAL BRUTO C|32.22|UN|11039.76|5403|00|10814.49|12.00|1297.74|0.00|0.00|0.00|0.00|0.00|0.00|
|C100|1|0|11223344000166|55|00|000000195|000|06032024|09032024|877.00|749.79|89.97|0.00|0.00|0.00|0.00|0.00|0.00|0.00|0|77788899000177|
|C170|1|PROD007|PARTE SOBRESSALENTE G|5.60|UN|877.00|6102|20|749.79|12.00|89.97|0.00|0.00|0.00|0.00|0.00|0.00|
|C100|1|0|11223344000166|55|00|000000196|000|22032024|24032024|76037.78|42849.72|5141.96|0.00|0.00|0.00|0.00|0.00|0.00|0.00|0|55512312300010|
|C170|1|PROD003|MATERIAL BRUTO C|27.03|UN|7674.38|5401|00|7118.77|12.00|854.25|0.00|0.00|0.00|0.00|0.00|0.00|
|C170|2|PROD007|PARTE SOBRESSALENTE G|2.89|UN|246.03|5401|10|218.60|12.00|26.23|0.00|0.00|0.00|0.00|0.00|0.00|
|C170|3|PROD008|CONJUNTO MONTADO H|31.86|UN|41444.95|5401|20|35512.35|12.00|4261.48|0.00|0.00|0.00|0.00|0.00|0.00|
|C170|4|PROD004|PRODUTO ACABADO D|32.69|UN|26672.42|5401|40|0.00|12.00|0.00|0.00|0.00|0.00|0.00|0.00|0.00|
|C100|1|0|11223344000166|55|00|000000197|000|11032024|11032024|7843.18|5249.41|629.93|0.00|0.00|0.00|0.00|0.00|0.00|0.00|0|77788899000177|
|C170|1|PROD001|PECA MECANICA TIPO A|36.08|UN|4091.70|5401|20|3697.18|12.00|443.66|0.00|0.00|0.00|0.00|0.00|0.00|
|C170|2|PROD002|COMPONENTE ELETRICO B|38.44|UN|2027.22|5401|40|0.00|12.00|0.00|0.00|0.00|0.00|0.00|0.00|0.00|
|C170|3|PROD005|INSUMO INDUSTRIAL E|42.19|UN|1724.26|5401|00|1552.23|12.00|186.27|0.00|0.00|0.00|0.00|0.00|0.00|
|C100|1|0|11223344000166|55|00|000000198|000|21032024|21032024|55032.43|50769.33|6092.32|0.00|0.00|0.00|0.00|0.00|0.00|0.00|0|99900011000155|
|C170|1|PROD008|CONJUNTO MONTADO H|46.05|UN|55032.43|6102|90|50769.33|12.00|6092.32|0.00|0.00|0.00|0.00|0.00|0.00|
|C100|1|0|11223344000166|55|00|000000199|000|25032024|25032024|10962.19|0.00|0.00|0.00|0.00|0.00|0.00|0.00|0.00|0.00|0|33366699000100|
|C170|1|PROD007|PARTE SOBRESSALENTE G|46.69|UN|7019.68|5403|60|0.00|12.00|0.00|0.00|0.00|0.00|0.00|0.00|0.00|
|C170|2|PROD005|INSUMO INDUSTRIAL E|12.52|UN|308.62|5403|40|0.00|12.00|0.00|0.00|0.00|0.00|0.00|0.00|0.00|
|C170|3|PROD005|INSUMO INDUSTRIAL E|41.60|UN|1198.02|5403|41|0.00|12.00|0.00|0.00|0.00|0.00|0.00|0.00|0.00|
|C170|4|PROD002|COMPONENTE ELETRICO B|35.43|UN|2408.03|5403|50|0.00|12.00|0.00|0.00|0.00|0.00|0.00|0.00|0.00|
|C170|5|PROD006|EMBALAGEM PADRAO F|5.39|UN|27.84|5403|40|0.00|12.00|0.00|0.00|0.00|0.00|0.00|0.00|0.00|
|C100|1|0|11223344000166|55|00|000000200|000|10032024|12032024|201.16|188.97|22.68|0.00|0.00|0.00|0.00|0.00|0.00|0.00|0|33366699000100|
|C170|1|PROD005|INSUMO INDUSTRIAL E|11.13|UN|201.16|5403|00|188.97|12.00|22.68|0.00|0.00|0.00|0.00|0.00|0.00|
|C100|1|0|11223344000166|55|00|000000201|000|04032024|07032024|4248.60|0.00|0.00|0.00|0.00|0.00|0.00|0.00|0.00|0.00|0|22244466000133|
|C170|1|PROD007|PARTE SOBRESSALENTE G|27.63|UN|4248.60|6101|70|0.00|12.00|0.00|0.00|0.00|0.00|0.00|0.00|0.00|
|C100|1|0|11223344000166|55|00|000000202|000|14032024|14032024|31793.45|11485.97|1378.32|0.00|0.00|0.00|0.00|0.00|0.00|0.00|0|77788899000177|
|C170|1|PROD004|PRODUTO ACABADO D|24.57|UN|12359.44|5101|10|11485.97|12.00|1378.32|0.00|0.00|0.00|0.00|0.00|0.00|
|C170|2|PROD004|PRODUTO ACABADO D|7.02|UN|3945.66|5101|50|0.00|12.00|0.00|0.00|0.00|0.00|0.00|0.00|0.00|
|C170|3|PROD004|PRODUTO ACABADO D|24.04|UN|14818.71|5101|41|0.00|12.00|0.00|0.00|0.00|0.00|0.00|0.00|0.00|
|C170|4|PROD005|INSUMO INDUSTRIAL E|20.50|UN|669.64|5101|40|0.00|12.00|0.00|0.00|0.00|0.00|0.00|0.00|0.00|
|C100|1|0|11223344000166|55|00|000000203|000|18032024|18032024|4700.97|4167.60|500.11|0.00|0.00|0.00|0.00|0.00|0.00|0.00|0|22244466000133|
|C170|1|PROD006|EMBALAGEM PADRAO F|21.06|UN|202.78|5101|40|0.00|12.00|0.00|0.00|0.00|0.00|0.00|0.00|0.00|
|C170|2|PROD005|INSUMO INDUSTRIAL E|21.77|UN|464.03|5101|90|461.31|12.00|55.36|0.00|0.00|0.00|0.00|0.00|0.00|
|C170|3|PROD003|MATERIAL BRUTO C|18.42|UN|4034.16|5101|10|3706.29|12.00|444.75|0.00|0.00|0.00|0.00|0.00|0.00|
|C100|1|0|11223344000166|55|00|000000204|000|18032024|21032024|12623.20|10883.16|1305.98|0.00|0.00|0.00|0.00|0.00|0.00|0.00|0|22244466000133|
|C170|1|PROD003|MATERIAL BRUTO C|37.31|UN|12623.20|6101|00|10883.16|12.00|1305.98|0.00|0.00|0.00|0.00|0.00|0.00|
|C100|1|0|11223344000166|55|00|000000205|000|20032024|20032024|5934.47|1884.48|226.13|0.00|0.00|0.00|0.00|0.00|0.00|0.00|0|22244466000133|
|C170|1|PROD002|COMPONENTE ELETRICO B|45.65|UN|1732.34|5101|10|1582.79|12.00|189.93|0.00|0.00|0.00|0.00|0.00|0.00|
|C170|2|PROD001|PECA MECANICA TIPO A|42.31|UN|3897.97|5101|40|0.00|12.00|0.00|0.00|0.00|0.00|0.00|0.00|0.00|
|C170|3|PROD006|EMBALAGEM PADRAO F|33.42|UN|304.16|5101|20|301.69|12.00|36.20|0.00|0.00|0.00|0.00|0.00|0.00|
|C100|1|0|11223344000166|55|00|000000206|000|14032024|17032024|23113.74|20270.88|2432.51|0.00|0.00|0.00|0.00|0.00|0.00|0.00|0|22244466000133|
|C170|1|PROD007|PARTE SOBRESSALENTE G|6.84|UN|996.57|6101|00|864.18|12.00|103.70|0.00|0.00|0.00|0.00|0.00|0.00|
|C170|2|PROD001|PECA MECANICA TIPO A|12.94|UN|1182.05|6101|40|0.00|12.00|0.00|0.00|0.00|0.00|0.00|0.00|0.00|
|C170|3|PROD004|PRODUTO ACABADO D|21.78|UN|17897.16|6101|00|16731.01|12.00|2007.72|0.00|0.00|0.00|0.00|0.00|0.00|
|C170|4|PROD002|COMPONENTE ELETRICO B|43.89|UN|2477.92|6101|00|2193.55|12.00|263.23|0.00|0.00|0.00|0.00|0.00|0.00|
|C170|5|PROD007|PARTE SOBRESSALENTE G|5.65|UN|560.04|6101|51|482.14|12.00|57.86|0.00|0.00|0.00|0.00|0.00|0.00|
|C100|1|0|11223344000166|55|00|000000207|000|16032024|19032024|53.76|48.16|5.78|0.00|0.00|0.00|0.00|0.00|0.00|0.00|0|33366699000100|
|C170|1|PROD005|INSUMO INDUSTRIAL E|1.60|UN|53.76|5101|20|48.16|12.00|5.78|0.00|0.00|0.00|0.00|0.00|0.00|
|C100|1|0|11223344000166|55|00|000000208|000|17032024|18032024|9573.59|8055.43|966.65|0.00|0.00|0.00|0.00|0.00|0.00|0.00|0|55512312300010|
|C170|1|PROD004|PRODUTO ACABADO D|15.19|UN|9281.56|5401|00|8055.43|12.00|966.65|0.00|0.00|0.00|0.00|0.00|0.00|
|C170|2|PROD006|EMBALAGEM PADRAO F|10.64|UN|56.51|5401|41|0.00|12.00|0.00|0.00|0.00|0.00|0.00|0.00|0.00|
|C170|3|PROD006|EMBALAGEM PADRAO F|39.92|UN|235.52|5401|40|0.00|12.00|0.00|0.00|0.00|0.00|0.00|0.00|0.00|
|C100|1|0|11223344000166|55|00|000000209|000|21032024|23032024|988.97|923.70|110.84|0.00|0.00|0.00|0.00|0.00|0.00|0.00|0|77788899000177|
|C170|1|PROD002|COMPONENTE ELETRICO B|23.10|UN|988.97|5401|00|923.70|12.00|110.84|0.00|0.00|0.00|0.00|0.00|0.00|
|C100|1|0|11223344000166|55|00|000000210|000|16032024|17032024|7366.53|4697.96|563.75|0.00|0.00|0.00|0.00|0.00|0.00|0.00|0|33366699000100|
|C170|1|PROD005|INSUMO INDUSTRIAL E|32.83|UN|1223.54|6102|90|1192.54|12.00|143.10|0.00|0.00|0.00|0.00|0.00|0.00|
|C170|2|PROD002|COMPONENTE ELETRICO B|35.44|UN|1515.90|6102|10|1307.89|12.00|156.95|0.00|0.00|0.00|0.00|0.00|0.00|
|C170|3|PROD001|PECA MECANICA TIPO A|33.19|UN|2327.54|6102|40|0.00|12.00|0.00|0.00|0.00|0.00|0.00|0.00|0.00|
|C170|4|PROD004|PRODUTO ACABADO D|3.36|UN|2299.55|6102|00|2197.53|12.00|263.70|0.00|0.00|0.00|0.00|0.00|0.00|
|C100|1|0|11223344000166|55|00|000000211|000|14032024|16032024|790.03|768.59|92.23|0.00|0.00|0.00|0.00|0.00|0.00|0.00|0|22244466000133|
|C170|1|PROD002|COMPONENTE ELETRICO B|11.25|UN|790.03|5403|20|768.59|12.00|92.23|0.00|0.00|0.00|0.00|0.00|0.00|
|C100|1|0|11223344000166|55|00|000000212|000|08032024|10032024|7431.47|693.47|83.22|0.00|0.00|0.00|0.00|0.00|0.00|0.00|0|99900011000155|
|C170|1|PROD003|MATERIAL BRUTO C|17.10|UN|4674.70|6101|30|0.00|12.00|0.00|0.00|0.00|0.00|0.00|0.00|0.00|
|C170|2|PROD004|PRODUTO ACABADO D|3.03|UN|1973.83|6101|30|0.00|12.00|0.00|0.00|0.00|0.00|0.00|0.00|0.00|
|C170|3|PROD001|PECA MECANICA TIPO A|8.25|UN|782.94|6101|20|693.47|12.00|83.22|0.00|0.00|0.00|0.00|0.00|0.00|
|C100|1|0|11223344000166|55|00|000000213|000|14032024|15032024|3885.46|0.00|0.00|0.00|0.00|0.00|0.00|0.00|0.00|0.00|0|55512312300010|
|C170|1|PROD001|PECA MECANICA TIPO A|42.01|UN|3885.46|6102|40|0.00|12.00|0.00|0.00|0.00|0.00|0.00|0.00|0.00|
|C100|1|0|11223344000166|55|00|000000214|000|24032024|24032024|38792.72|11335.46|1360.25|0.00|0.00|0.00|0.00|0.00|0.00|0.00|0|55512312300010|
|C170|1|PROD005|INSUMO INDUSTRIAL E|44.47|UN|1550.81|6101|00|1442.29|12.00|173.07|0.00|0.00|0.00|0.00|0.00|0.00|
|C170|2|PROD004|PRODUTO ACABADO D|31.60|UN|26418.05|6101|50|0.00|12.00|0.00|0.00|0.00|0.00|0.00|0.00|0.00|
|C170|3|PROD008|CONJUNTO MONTADO H|12.26|UN|10823.86|6101|00|9893.17|12.00|1187.18|0.00|0.00|0.00|0.00|0.00|0.00|
|C100|1|0|11223344000166|55|00|000000215|000|23032024|23032024|4014.45|1030.83|123.70|0.00|0.00|0.00|0.00|0.00|0.00|0.00|0|55512312300010|
|C170|1|PROD001|PECA MECANICA TIPO A|8.35|UN|864.04|5403|00|754.35|12.00|90.52|0.00|0.00|0.00|0.00|0.00|0.00|
|C170|2|PROD006|EMBALAGEM PADRAO F|38.77|UN|296.59|5403|10|276.48|12.00|33.18|0.00|0.00|0.00|0.00|0.00|0.00|
|C170|3|PROD002|COMPONENTE ELETRICO B|41.02|UN|2853.82|5403|40|0.00|12.00|0.00|0.00|0.00|0.00|0.00|0.00|0.00|
|C100|1|0|11223344000166|55|00|000000216|000|13032024|13032024|17204.25|82.00|9.84|0.00|0.00|0.00|0.00|0.00|0.00|0.00|0|99900011000155|
|C170|1|PROD008|CONJUNTO MONTADO H|15.83|UN|17117.03|5401|60|0.00|12.00|0.00|0.00|0.00|0.00|0.00|0.00|0.00|
|C170|2|PROD006|EMBALAGEM PADRAO F|8.13|UN|87.22|5401|20|82.00|12.00|9.84|0.00|0.00|0.00|0.00|0.00|0.00|
|C100|1|0|11223344000166|55|00|000000217|000|26032024|28032024|35777.85|1202.74|144.33|0.00|0.00|0.00|0.00|0.00|0.00|0.00|0|77788899000177|
|C170|1|PROD005|INSUMO INDUSTRIAL E|31.04|UN|1163.81|5101|51|1070.52|12.00|128.46|0.00|0.00|0.00|0.00|0.00|0.00|
|C170|2|PROD005|INSUMO INDUSTRIAL E|4.79|UN|140.42|5101|00|132.22|12.00|15.87|0.00|0.00|0.00|0.00|0.00|0.00|
|C170|3|PROD008|CONJUNTO MONTADO H|32.11|UN|34473.62|5101|60|0.00|12.00|0.00|0.00|0.00|0.00|0.00|0.00|0.00|
|C100|1|0|11223344000166|55|00|000000218|000|29032024|01042024|16044.43|0.00|0.00|0.00|0.00|0.00|0.00|0.00|0.00|0.00|0|22244466000133|
|C170|1|PROD008|CONJUNTO MONTADO H|13.45|UN|16044.43|5403|40|0.00|12.00|0.00|0.00|0.00|0.00|0.00|0.00|0.00|
|C100|1|0|11223344000166|55|00|000000219|000|04032024|07032024|48516.73|42583.18|5109.98|0.00|0.00|0.00|0.00|0.00|0.00|0.00|0|22244466000133|
|C170|1|PROD008|CONJUNTO MONTADO H|49.04|UN|48516.73|5101|00|42583.18|12.00|5109.98|0.00|0.00|0.00|0.00|0.00|0.00|
|C100|1|0|11223344000166|55|00|000000220|000|14032024|15032024|17055.67|9236.25|1108.36|0.00|0.00|0.00|0.00|0.00|0.00|0.00|0|55512312300010|
|C170|1|PROD004|PRODUTO ACABADO D|9.94|UN|8234.59|5401|10|7676.06|12.00|921.13|0.00|0.00|0.00|0.00|0.00|0.00|
|C170|2|PROD001|PECA MECANICA TIPO A|18.45|UN|1624.71|5401|00|1405.63|12.00|168.68|0.00|0.00|0.00|0.00|0.00|0.00|
|C170|3|PROD004|PRODUTO ACABADO D|9.42|UN|7022.26|5401|70|0.00|12.00|0.00|0.00|0.00|0.00|0.00|0.00|0.00|
|C170|4|PROD006|EMBALAGEM PADRAO F|26.95|UN|174.11|5401|10|154.56|12.00|18.55|0.00|0.00|0.00|0.00|0.00|0.00|
|C100|1|0|11223344000166|55|00|000000221|000|09032024|10032024|271.82|266.67|32.00|0.00|0.00|0.00|0.00|0.00|0.00|0.00|0|55512312300010|
|C170|1|PROD006|EMBALAGEM PADRAO F|40.27|UN|271.82|5101|10|266.67|12.00|32.00|0.00|0.00|0.00|0.00|0.00|0.00|
|C100|1|0|11223344000166|55|00|000000222|000|13032024|14032024|10967.46|9632.88|1155.95|0.00|0.00|0.00|0.00|0.00|0.00|0.00|0|77788899000177|
|C170|1|PROD008|CONJUNTO MONTADO H|5.47|UN|7426.05|5102|00|6561.67|12.00|787.40|0.00|0.00|0.00|0.00|0.00|0.00|
|C170|2|PROD007|PARTE SOBRESSALENTE G|27.57|UN|2847.29|5102|00|2434.49|12.00|292.14|0.00|0.00|0.00|0.00|0.00|0.00|
|C170|3|PROD003|MATERIAL BRUTO C|2.79|UN|694.12|5102|00|636.72|12.00|76.41|0.00|0.00|0.00|0.00|0.00|0.00|
|C100|1|0|11223344000166|55|00|000000223|000|23032024|26032024|10817.71|6287.10|754.46|0.00|0.00|0.00|0.00|0.00|0.00|0.00|0|33366699000100|
|C170|1|PROD001|PECA MECANICA TIPO A|47.88|UN|5645.53|5403|90|5497.22|12.00|659.67|0.00|0.00|0.00|0.00|0.00|0.00|
|C170|2|PROD001|PECA MECANICA TIPO A|35.03|UN|2911.96|5403|30|0.00|12.00|0.00|0.00|0.00|0.00|0.00|0.00|0.00|
|C170|3|PROD002|COMPONENTE ELETRICO B|24.18|UN|839.01|5403|20|789.88|12.00|94.79|0.00|0.00|0.00|0.00|0.00|0.00|
|C170|4|PROD005|INSUMO INDUSTRIAL E|30.47|UN|859.62|5403|41|0.00|12.00|0.00|0.00|0.00|0.00|0.00|0.00|0.00|
|C170|5|PROD001|PECA MECANICA TIPO A|5.21|UN|561.59|5403|40|0.00|12.00|0.00|0.00|0.00|0.00|0.00|0.00|0.00|
|C100|1|0|11223344000166|55|00|000000224|000|27032024|28032024|36085.64|31528.20|3783.38|0.00|0.00|0.00|0.00|0.00|0.00|0.00|0|99900011000155|
|C170|1|PROD002|COMPONENTE ELETRICO B|17.93|UN|1185.06|5102|60|0.00|12.00|0.00|0.00|0.00|0.00|0.00|0.00|0.00|
|C170|2|PROD004|PRODUTO ACABADO D|40.11|UN|34900.58|5102|00|31528.20|12.00|3783.38|0.00|0.00|0.00|0.00|0.00|0.00|
|C100|1|0|11223344000166|55|00|000000225|000|23032024|24032024|50114.12|26521.19|3182.54|0.00|0.00|0.00|0.00|0.00|0.00|0.00|0|77788899000177|
|C170|1|PROD008|CONJUNTO MONTADO H|22.74|UN|22827.82|5101|40|0.00|12.00|0.00|0.00|0.00|0.00|0.00|0.00|0.00|
|C170|2|PROD008|CONJUNTO MONTADO H|23.39|UN|27286.30|5101|00|26521.19|12.00|3182.54|0.00|0.00|0.00|0.00|0.00|0.00|
|C100|1|0|11223344000166|55|00|000000226|000|02032024|04032024|11370.53|10487.71|1258.53|0.00|0.00|0.00|0.00|0.00|0.00|0.00|0|99900011000155|
|C170|1|PROD006|EMBALAGEM PADRAO F|14.27|UN|126.02|6102|40|0.00|12.00|0.00|0.00|0.00|0.00|0.00|0.00|0.00|
|C170|2|PROD004|PRODUTO ACABADO D|13.11|UN|10987.62|6102|00|10268.05|12.00|1232.17|0.00|0.00|0.00|0.00|0.00|0.00|
|C170|3|PROD006|EMBALAGEM PADRAO F|29.03|UN|256.89|6102|10|219.66|12.00|26.36|0.00|0.00|0.00|0.00|0.00|0.00|
|C100|1|0|11223344000166|55|00|000000227|000|22032024|24032024|17577.47|3143.07|377.17|0.00|0.00|0.00|0.00|0.00|0.00|0.00|0|77788899000177|
|C170|1|PROD007|PARTE SOBRESSALENTE G|17.74|UN|1854.94|6102|00|1614.83|12.00|193.78|0.00|0.00|0.00|0.00|0.00|0.00|
|C170|2|PROD001|PECA MECANICA TIPO A|30.75|UN|1643.59|6102|30|0.00|12.00|0.00|0.00|0.00|0.00|0.00|0.00|0.00|
|C170|3|PROD008|CONJUNTO MONTADO H|17.50|UN|12378.84|6102|40|0.00|12.00|0.00|0.00|0.00|0.00|0.00|0.00|0.00|
|C170|4|PROD001|PECA MECANICA TIPO A|17.37|UN|1700.10|6102|20|1528.24|12.00|183.39|0.00|0.00|0.00|0.00|0.00|0.00|
|C100|1|0|11223344000166|55|00|000000228|000|23032024|24032024|25012.39|23384.67|2806.16|0.00|0.00|0.00|0.00|0.00|0.00|0.00|0|22244466000133|
|C170|1|PROD002|COMPONENTE ELETRICO B|8.92|UN|273.61|6102|00|248.62|12.00|29.83|0.00|0.00|0.00|0.00|0.00|0.00|
|C170|2|PROD005|INSUMO INDUSTRIAL E|43.28|UN|758.20|6102|00|708.10|12.00|84.97|0.00|0.00|0.00|0.00|0.00|0.00|
|C170|3|PROD008|CONJUNTO MONTADO H|26.43|UN|23413.19|6102|90|21908.96|12.00|2629.08|0.00|0.00|0.00|0.00|0.00|0.00|
|C170|4|PROD007|PARTE SOBRESSALENTE G|5.57|UN|567.39|6102|00|518.99|12.00|62.28|0.00|0.00|0.00|0.00|0.00|0.00|
|C100|1|0|11223344000166|55|00|000000229|000|25032024|25032024|57071.60|7742.51|929.10|0.00|0.00|0.00|0.00|0.00|0.00|0.00|0|77788899000177|
|C170|1|PROD003|MATERIAL BRUTO C|25.48|UN|8441.55|5401|20|7742.51|12.00|929.10|0.00|0.00|0.00|0.00|0.00|0.00|
|C170|2|PROD008|CONJUNTO MONTADO H|38.63|UN|48630.05|5401|60|0.00|12.00|0.00|0.00|0.00|0.00|0.00|0.00|0.00|
|C100|1|0|11223344000166|55|00|000000230|000|31032024|01042024|2225.97|2212.76|265.53|0.00|0.00|0.00|0.00|0.00|0.00|0.00|0|99900011000155|
|C170|1|PROD001|PECA MECANICA TIPO A|25.97|UN|2225.97|6102|51|2212.76|12.00|265.53|0.00|0.00|0.00|0.00|0.00|0.00|
|C100|1|0|11223344000166|55|00|000000231|000|22032024|23032024|10808.60|0.00|0.00|0.00|0.00|0.00|0.00|0.00|0.00|0.00|0|77788899000177|
|C170|1|PROD004|PRODUTO ACABADO D|11.51|UN|10808.60|6101|41|0.00|12.00|0.00|0.00|0.00|0.00|0.00|0.00|0.00|
|C100|1|0|11223344000166|55|00|000000232|000|27032024|28032024|265.09|260.22|31.23|0.00|0.00|0.00|0.00|0.00|0.00|0.00|0|22244466000133|
|C170|1|PROD002|COMPONENTE ELETRICO B|7.66|UN|265.09|6101|20|260.22|12.00|31.23|0.00|0.00|0.00|0.00|0.00|0.00|
|C100|1|0|11223344000166|55|00|000000233|000|31032024|02042024|33559.20|31858.86|3823.07|0.00|0.00|0.00|0.00|0.00|0.00|0.00|0|55512312300010|
|C170|1|PROD006|EMBALAGEM PADRAO F|19.42|UN|103.70|5401|90|100.46|12.00|12.06|0.00|0.00|0.00|0.00|0.00|0.00|
|C170|2|PROD008|CONJUNTO MONTADO H|23.92|UN|28982.95|5401|51|27686.56|12.00|3322.39|0.00|0.00|0.00|0.00|0.00|0.00|
|C170|3|PROD002|COMPONENTE ELETRICO B|36.68|UN|2371.86|5401|90|2277.78|12.00|273.33|0.00|0.00|0.00|0.00|0.00|0.00|
|C170|4|PROD002|COMPONENTE ELETRICO B|48.93|UN|2100.69|5401|00|1794.06|12.00|215.29|0.00|0.00|0.00|0.00|0.00|0.00|
|C100|1|0|11223344000166|55|00|000000234|000|25032024|25032024|26780.12|22805.29|2736.63|0.00|0.00|0.00|0.00|0.00|0.00|0.00|0|22244466000133|
|C170|1|PROD008|CONJUNTO MONTADO H|34.94|UN|26780.12|5401|00|22805.29|12.00|2736.63|0.00|0.00|0.00|0.00|0.00|0.00|
|C100|1|0|11223344000166|55|00|000000235|000|17032024|18032024|11828.37|8498.45|1019.81|0.00|0.00|0.00|0.00|0.00|0.00|0.00|0|33366699000100|
|C170|1|PROD007|PARTE SOBRESSALENTE G|14.70|UN|1941.08|5403|50|0.00|12.00|0.00|0.00|0.00|0.00|0.00|0.00|0.00|
|C170|2|PROD003|MATERIAL BRUTO C|18.31|UN|5651.93|5403|10|5514.94|12.00|661.79|0.00|0.00|0.00|0.00|0.00|0.00|
|C170|3|PROD001|PECA MECANICA TIPO A|8.23|UN|920.55|5403|60|0.00|12.00|0.00|0.00|0.00|0.00|0.00|0.00|0.00|
|C170|4|PROD007|PARTE SOBRESSALENTE G|22.33|UN|3000.79|5403|51|2983.51|12.00|358.02|0.00|0.00|0.00|0.00|0.00|0.00|
|C170|5|PROD006|EMBALAGEM PADRAO F|49.61|UN|314.02|5403|41|0.00|12.00|0.00|0.00|0.00|0.00|0.00|0.00|0.00|
|C100|1|0|11223344000166|55|00|000000236|000|18032024|19032024|2462.71|2316.19|277.94|0.00|0.00|0.00|0.00|0.00|0.00|0.00|0|77788899000177|
|C170|1|PROD007|PARTE SOBRESSALENTE G|1.39|UN|186.26|5403|00|161.83|12.00|19.42|0.00|0.00|0.00|0.00|0.00|0.00|
|C170|2|PROD008|CONJUNTO MONTADO H|2.50|UN|2276.45|5403|00|2154.36|12.00|258.52|0.00|0.00|0.00|0.00|0.00|0.00|
|C100|1|0|11223344000166|55|00|000000237|000|09032024|11032024|73916.77|23188.03|2782.56|0.00|0.00|0.00|0.00|0.00|0.00|0.00|0|55512312300010|
|C170|1|PROD003|MATERIAL BRUTO C|41.20|UN|11330.00|5102|40|0.00|12.00|0.00|0.00|0.00|0.00|0.00|0.00|0.00|
|C170|2|PROD004|PRODUTO ACABADO D|40.25|UN|36425.44|5102|30|0.00|12.00|0.00|0.00|0.00|0.00|0.00|0.00|0.00|
|C170|3|PROD008|CONJUNTO MONTADO H|25.18|UN|26161.33|5102|00|23188.03|12.00|2782.56|0.00|0.00|0.00|0.00|0.00|0.00|
|C100|1|0|11223344000166|55|00|000000238|000|15032024|18032024|14697.29|13021.02|1562.52|0.00|0.00|0.00|0.00|0.00|0.00|0.00|0|33366699000100|
|C170|1|PROD003|MATERIAL BRUTO C|46.09|UN|14697.29|5102|00|13021.02|12.00|1562.52|0.00|0.00|0.00|0.00|0.00|0.00|
|C100|1|0|11223344000166|55|00|000000239|000|13032024|14032024|19116.46|7816.55|937.99|0.00|0.00|0.00|0.00|0.00|0.00|0.00|0|22244466000133|
|C170|1|PROD007|PARTE SOBRESSALENTE G|15.12|UN|1406.83|6102|41|0.00|12.00|0.00|0.00|0.00|0.00|0.00|0.00|0.00|
|C170|2|PROD003|MATERIAL BRUTO C|25.31|UN|7254.71|6102|10|6814.38|12.00|817.73|0.00|0.00|0.00|0.00|0.00|0.00|
|C170|3|PROD003|MATERIAL BRUTO C|25.12|UN|7939.75|6102|60|0.00|12.00|0.00|0.00|0.00|0.00|0.00|0.00|0.00|
|C170|4|PROD005|INSUMO INDUSTRIAL E|37.62|UN|1341.26|6102|41|0.00|12.00|0.00|0.00|0.00|0.00|0.00|0.00|0.00|
|C170|5|PROD007|PARTE SOBRESSALENTE G|13.26|UN|1173.91|6102|00|1002.17|12.00|120.26|0.00|0.00|0.00|0.00|0.00|0.00|
|C100|1|0|11223344000166|55|00|000000240|000|26032024|29032024|10220.91|0.00|0.00|0.00|0.00|0.00|0.00|0.00|0.00|0.00|0|99900011000155|
|C170|1|PROD004|PRODUTO ACABADO D|11.77|UN|10220.91|5101|40|0.00|12.00|0.00|0.00|0.00|0.00|0.00|0.00|0.00|
|C100|1|0|11223344000166|55|00|000000241|000|19032024|20032024|13606.73|11295.13|1355.41|0.00|0.00|0.00|0.00|0.00|0.00|0.00|0|22244466000133|
|C170|1|PROD002|COMPONENTE ELETRICO B|38.37|UN|1967.02|5101|00|1767.04|12.00|212.04|0.00|0.00|0.00|0.00|0.00|0.00|
|C170|2|PROD007|PARTE SOBRESSALENTE G|43.19|UN|6503.68|5101|10|6175.94|12.00|741.11|0.00|0.00|0.00|0.00|0.00|0.00|
|C170|3|PROD006|EMBALAGEM PADRAO F|17.36|UN|171.73|5101|00|163.08|12.00|19.57|0.00|0.00|0.00|0.00|0.00|0.00|
|C170|4|PROD007|PARTE SOBRESSALENTE G|25.21|UN|3321.79|5101|00|3189.07|12.00|382.69|0.00|0.00|0.00|0.00|0.00|0.00|
|C170|5|PROD003|MATERIAL BRUTO C|4.90|UN|1642.51|5101|40|0.00|12.00|0.00|0.00|0.00|0.00|0.00|0.00|0.00|
|C100|1|0|11223344000166|55|00|000000242|000|14032024|14032024|20010.55|6590.42|790.85|0.00|0.00|0.00|0.00|0.00|0.00|0.00|0|99900011000155|
|C170|1|PROD006|EMBALAGEM PADRAO F|24.56|UN|225.69|5102|40|0.00|12.00|0.00|0.00|0.00|0.00|0.00|0.00|0.00|
|C170|2|PROD003|MATERIAL BRUTO C|49.54|UN|12124.93|5102|41|0.00|12.00|0.00|0.00|0.00|0.00|0.00|0.00|0.00|
|C170|3|PROD005|INSUMO INDUSTRIAL E|15.16|UN|349.37|5102|20|332.38|12.00|39.89|0.00|0.00|0.00|0.00|0.00|0.00|
|C170|4|PROD003|MATERIAL BRUTO C|29.48|UN|7310.56|5102|20|6258.04|12.00|750.96|0.00|0.00|0.00|0.00|0.00|0.00|
|C100|1|0|11223344000166|55|00|000000243|000|29032024|31032024|42259.44|12527.57|1503.31|0.00|0.00|0.00|0.00|0.00|0.00|0.00|0|22244466000133|
|C170|1|PROD003|MATERIAL BRUTO C|33.64|UN|7601.18|5401|00|7140.96|12.00|856.92|0.00|0.00|0.00|0.00|0.00|0.00|
|C170|2|PROD003|MATERIAL BRUTO C|4.29|UN|1209.86|5401|10|1205.41|12.00|144.65|0.00|0.00|0.00|0.00|0.00|0.00|
|C170|3|PROD004|PRODUTO ACABADO D|30.28|UN|28773.09|5401|30|0.00|12.00|0.00|0.00|0.00|0.00|0.00|0.00|0.00|
|C170|4|PROD003|MATERIAL BRUTO C|4.66|UN|1424.34|5401|10|1387.87|12.00|166.54|0.00|0.00|0.00|0.00|0.00|0.00|
|C170|5|PROD001|PECA MECANICA TIPO A|35.14|UN|3250.97|5401|10|2793.33|12.00|335.20|0.00|0.00|0.00|0.00|0.00|0.00|
|C100|1|0|11223344000166|55|00|000000244|000|15032024|18032024|28533.72|7829.96|939.60|0.00|0.00|0.00|0.00|0.00|0.00|0.00|0|99900011000155|
|C170|1|PROD001|PECA MECANICA TIPO A|15.81|UN|1348.50|6101|90|1335.82|12.00|160.30|0.00|0.00|0.00|0.00|0.00|0.00|
|C170|2|PROD003|MATERIAL BRUTO C|48.24|UN|9965.83|6101|40|0.00|12.00|0.00|0.00|0.00|0.00|0.00|0.00|0.00|
|C170|3|PROD003|MATERIAL BRUTO C|43.38|UN|9685.23|6101|50|0.00|12.00|0.00|0.00|0.00|0.00|0.00|0.00|0.00|
|C170|4|PROD007|PARTE SOBRESSALENTE G|36.69|UN|3358.51|6101|00|2862.58|12.00|343.51|0.00|0.00|0.00|0.00|0.00|0.00|
|C170|5|PROD001|PECA MECANICA TIPO A|39.99|UN|4175.65|6101|00|3631.56|12.00|435.79|0.00|0.00|0.00|0.00|0.00|0.00|
|C100|1|0|11223344000166|55|00|000000245|000|09032024|12032024|5489.65|4292.96|515.15|0.00|0.00|0.00|0.00|0.00|0.00|0.00|0|22244466000133|
|C170|1|PROD004|PRODUTO ACABADO D|4.12|UN|2728.10|6101|10|2394.87|12.00|287.38|0.00|0.00|0.00|0.00|0.00|0.00|
|C170|2|PROD002|COMPONENTE ELETRICO B|32.23|UN|2055.50|6101|00|1898.09|12.00|227.77|0.00|0.00|0.00|0.00|0.00|0.00|
|C170|3|PROD005|INSUMO INDUSTRIAL E|30.02|UN|706.05|6101|60|0.00|12.00|0.00|0.00|0.00|0.00|0.00|0.00|0.00|
|C100|1|0|11223344000166|55|00|000000246|000|02032024|04032024|227.83|201.53|24.18|0.00|0.00|0.00|0.00|0.00|0.00|0.00|0|77788899000177|
|C170|1|PROD001|PECA MECANICA TIPO A|3.81|UN|227.83|5102|20|201.53|12.00|24.18|0.00|0.00|0.00|0.00|0.00|0.00|
|C100|1|0|11223344000166|55|00|000000247|000|12032024|15032024|53570.85|35149.07|4217.89|0.00|0.00|0.00|0.00|0.00|0.00|0.00|0|22244466000133|
|C170|1|PROD008|CONJUNTO MONTADO H|15.99|UN|18224.18|6102|60|0.00|12.00|0.00|0.00|0.00|0.00|0.00|0.00|0.00|
|C170|2|PROD008|CONJUNTO MONTADO H|25.93|UN|35346.67|6102|20|35149.07|12.00|4217.89|0.00|0.00|0.00|0.00|0.00|0.00|
|C100|1|0|11223344000166|55|00|000000248|000|01032024|03032024|52779.10|24050.94|2886.11|0.00|0.00|0.00|0.00|0.00|0.00|0.00|0|33366699000100|
|C170|1|PROD005|INSUMO INDUSTRIAL E|35.85|UN|1249.84|5403|90|1215.51|12.00|145.86|0.00|0.00|0.00|0.00|0.00|0.00|
|C170|2|PROD008|CONJUNTO MONTADO H|34.07|UN|25816.65|5403|30|0.00|12.00|0.00|0.00|0.00|0.00|0.00|0.00|0.00|
|C170|3|PROD004|PRODUTO ACABADO D|31.64|UN|25712.61|5403|00|22835.43|12.00|2740.25|0.00|0.00|0.00|0.00|0.00|0.00|
|C100|1|0|11223344000166|55|00|000000249|000|09032024|11032024|50044.52|46361.17|5563.33|0.00|0.00|0.00|0.00|0.00|0.00|0.00|0|33366699000100|
|C170|1|PROD008|CONJUNTO MONTADO H|42.00|UN|46602.81|5403|00|43263.94|12.00|5191.67|0.00|0.00|0.00|0.00|0.00|0.00|
|C170|2|PROD005|INSUMO INDUSTRIAL E|18.90|UN|742.20|5403|00|673.78|12.00|80.85|0.00|0.00|0.00|0.00|0.00|0.00|
|C170|3|PROD001|PECA MECANICA TIPO A|27.69|UN|2699.51|5403|00|2423.45|12.00|290.81|0.00|0.00|0.00|0.00|0.00|0.00|
|C100|1|0|11223344000166|55|00|000000250|000|13032024|13032024|14665.00|167.84|20.14|0.00|0.00|0.00|0.00|0.00|0.00|0.00|0|77788899000177|
|C170|1|PROD003|MATERIAL BRUTO C|36.17|UN|11306.38|5102|30|0.00|12.00|0.00|0.00|0.00|0.00|0.00|0.00|0.00|
|C170|2|PROD006|EMBALAGEM PADRAO F|31.11|UN|189.14|5102|20|167.84|12.00|20.14|0.00|0.00|0.00|0.00|0.00|0.00|
|C170|3|PROD001|PECA MECANICA TIPO A|40.23|UN|3169.48|5102|70|0.00|12.00|0.00|0.00|0.00|0.00|0.00|0.00|0.00|
|C100|1|0|11223344000166|55|00|000000251|000|18032024|20032024|4000.19|3366.37|403.97|0.00|0.00|0.00|0.00|0.00|0.00|0.00|0|33366699000100|
|C170|1|PROD001|PECA MECANICA TIPO A|9.56|UN|694.72|5101|10|592.96|12.00|71.16|0.00|0.00|0.00|0.00|0.00|0.00|
|C170|2|PROD002|COMPONENTE ELETRICO B|16.02|UN|1093.96|5101|00|1011.89|12.00|121.43|0.00|0.00|0.00|0.00|0.00|0.00|
|C170|3|PROD006|EMBALAGEM PADRAO F|35.72|UN|418.65|5101|50|0.00|12.00|0.00|0.00|0.00|0.00|0.00|0.00|0.00|
|C170|4|PROD002|COMPONENTE ELETRICO B|33.37|UN|1792.86|5101|00|1761.52|12.00|211.38|0.00|0.00|0.00|0.00|0.00|0.00|
|C100|1|0|11223344000166|55|00|000000252|000|05032024|05032024|10875.29|10782.05|1293.85|0.00|0.00|0.00|0.00|0.00|0.00|0.00|0|55512312300010|
|C170|1|PROD008|CONJUNTO MONTADO H|13.58|UN|10875.29|5101|10|10782.05|12.00|1293.85|0.00|0.00|0.00|0.00|0.00|0.00|
|C100|1|0|11223344000166|55|00|000000253|000|30032024|02042024|6621.92|0.00|0.00|0.00|0.00|0.00|0.00|0.00|0.00|0.00|0|99900011000155|
|C170|1|PROD003|MATERIAL BRUTO C|33.10|UN|6621.92|6102|40|0.00|12.00|0.00|0.00|0.00|0.00|0.00|0.00|0.00|
|C100|1|0|11223344000166|55|00|000000254|000|02032024|03032024|2654.67|2413.65|289.64|0.00|0.00|0.00|0.00|0.00|0.00|0.00|0|33366699000100|
|C170|1|PROD001|PECA MECANICA TIPO A|31.18|UN|2654.67|6102|10|2413.65|12.00|289.64|0.00|0.00|0.00|0.00|0.00|0.00|
|C100|1|0|11223344000166|55|00|000000255|000|05032024|06032024|711.49|618.33|74.20|0.00|0.00|0.00|0.00|0.00|0.00|0.00|0|22244466000133|
|C170|1|PROD002|COMPONENTE ELETRICO B|19.46|UN|711.49|5403|10|618.33|12.00|74.20|0.00|0.00|0.00|0.00|0.00|0.00|
|C100|1|0|11223344000166|55|00|000000256|000|19032024|22032024|2150.31|2119.26|254.31|0.00|0.00|0.00|0.00|0.00|0.00|0.00|0|22244466000133|
|C170|1|PROD003|MATERIAL BRUTO C|9.93|UN|2150.31|5403|51|2119.26|12.00|254.31|0.00|0.00|0.00|0.00|0.00|0.00|
|C100|1|0|11223344000166|55|00|000000257|000|26032024|26032024|1971.86|0.00|0.00|0.00|0.00|0.00|0.00|0.00|0.00|0.00|0|55512312300010|
|C170|1|PROD005|INSUMO INDUSTRIAL E|47.57|UN|1971.86|5101|50|0.00|12.00|0.00|0.00|0.00|0.00|0.00|0.00|0.00|
|C100|1|0|11223344000166|55|00|000000258|000|11032024|13032024|109.88|108.68|13.04|0.00|0.00|0.00|0.00|0.00|0.00|0.00|0|77788899000177|
|C170|1|PROD006|EMBALAGEM PADRAO F|11.35|UN|109.88|5101|90|108.68|12.00|13.04|0.00|0.00|0.00|0.00|0.00|0.00|
|C100|1|0|11223344000166|55|00|000000259|000|17032024|18032024|40087.96|8807.53|1056.90|0.00|0.00|0.00|0.00|0.00|0.00|0.00|0|99900011000155|
|C170|1|PROD004|PRODUTO ACABADO D|15.65|UN|11624.15|5401|40|0.00|12.00|0.00|0.00|0.00|0.00|0.00|0.00|0.00|
|C170|2|PROD008|CONJUNTO MONTADO H|23.25|UN|18793.58|5401|40|0.00|12.00|0.00|0.00|0.00|0.00|0.00|0.00|0.00|
|C170|3|PROD003|MATERIAL BRUTO C|33.69|UN|9670.23|5401|00|8807.53|12.00|1056.90|0.00|0.00|0.00|0.00|0.00|0.00|
|C100|1|0|11223344000166|55|00|000000260|000|14032024|16032024|36816.65|2248.22|269.79|0.00|0.00|0.00|0.00|0.00|0.00|0.00|0|55512312300010|
|C170|1|PROD004|PRODUTO ACABADO D|33.67|UN|28730.25|5403|30|0.00|12.00|0.00|0.00|0.00|0.00|0.00|0.00|0.00|
|C170|2|PROD006|EMBALAGEM PADRAO F|7.65|UN|89.93|5403|30|0.00|12.00|0.00|0.00|0.00|0.00|0.00|0.00|0.00|
|C170|3|PROD002|COMPONENTE ELETRICO B|32.43|UN|2354.89|5403|10|2248.22|12.00|269.79|0.00|0.00|0.00|0.00|0.00|0.00|
|C170|4|PROD004|PRODUTO ACABADO D|8.32|UN|5641.58|5403|40|0.00|12.00|0.00|0.00|0.00|0.00|0.00|0.00|0.00|
|C100|1|0|11223344000166|55|00|000000261|000|27032024|29032024|79772.71|60458.90|7255.08|0.00|0.00|0.00|0.00|0.00|0.00|0.00|0|99900011000155|
|C170|1|PROD004|PRODUTO ACABADO D|22.55|UN|14775.52|5101|40|0.00|12.00|0.00|0.00|0.00|0.00|0.00|0.00|0.00|
|C170|2|PROD002|COMPONENTE ELETRICO B|38.18|UN|1838.27|5101|00|1790.47|12.00|214.86|0.00|0.00|0.00|0.00|0.00|0.00|
|C170|3|PROD008|CONJUNTO MONTADO H|49.40|UN|61736.37|5101|20|57434.88|12.00|6892.19|0.00|0.00|0.00|0.00|0.00|0.00|
|C170|4|PROD002|COMPONENTE ELETRICO B|38.86|UN|1422.55|5101|00|1233.55|12.00|148.03|0.00|0.00|0.00|0.00|0.00|0.00|
|C100|1|0|11223344000166|55|00|000000262|000|15032024|16032024|2398.34|1190.76|142.89|0.00|0.00|0.00|0.00|0.00|0.00|0.00|0|33366699000100|
|C170|1|PROD007|PARTE SOBRESSALENTE G|10.32|UN|1197.76|6102|60|0.00|12.00|0.00|0.00|0.00|0.00|0.00|0.00|0.00|
|C170|2|PROD001|PECA MECANICA TIPO A|17.27|UN|1200.58|6102|00|1190.76|12.00|142.89|0.00|0.00|0.00|0.00|0.00|0.00|
|C100|1|0|11223344000166|55|00|000000263|000|29032024|30032024|2865.31|862.02|103.44|0.00|0.00|0.00|0.00|0.00|0.00|0.00|0|55512312300010|
|C170|1|PROD002|COMPONENTE ELETRICO B|41.07|UN|1982.09|5401|40|0.00|12.00|0.00|0.00|0.00|0.00|0.00|0.00|0.00|
|C170|2|PROD001|PECA MECANICA TIPO A|8.80|UN|883.22|5401|20|862.02|12.00|103.44|0.00|0.00|0.00|0.00|0.00|0.00|
|C100|1|0|11223344000166|55|00|000000264|000|21032024|22032024|33096.69|208.51|25.02|0.00|0.00|0.00|0.00|0.00|0.00|0.00|0|33366699000100|
|C170|1|PROD001|PECA MECANICA TIPO A|49.80|UN|3559.42|5403|60|0.00|12.00|0.00|0.00|0.00|0.00|0.00|0.00|0.00|
|C170|2|PROD006|EMBALAGEM PADRAO F|18.74|UN|209.90|5403|10|208.51|12.00|25.02|0.00|0.00|0.00|0.00|0.00|0.00|
|C170|3|PROD004|PRODUTO ACABADO D|30.83|UN|20068.75|5403|30|0.00|12.00|0.00|0.00|0.00|0.00|0.00|0.00|0.00|
|C170|4|PROD004|PRODUTO ACABADO D|11.17|UN|9258.62|5403|60|0.00|12.00|0.00|0.00|0.00|0.00|0.00|0.00|0.00|
|C100|1|0|11223344000166|55|00|000000265|000|04032024|05032024|447.07|284.57|34.15|0.00|0.00|0.00|0.00|0.00|0.00|0.00|0|55512312300010|
|C170|1|PROD006|EMBALAGEM PADRAO F|20.48|UN|150.96|6102|41|0.00|12.00|0.00|0.00|0.00|0.00|0.00|0.00|0.00|
|C170|2|PROD006|EMBALAGEM PADRAO F|40.79|UN|296.11|6102|00|284.57|12.00|34.15|0.00|0.00|0.00|0.00|0.00|0.00|
|C100|1|0|11223344000166|55|00|000000266|000|30032024|02042024|16766.00|10516.79|1262.01|0.00|0.00|0.00|0.00|0.00|0.00|0.00|0|22244466000133|
|C170|1|PROD007|PARTE SOBRESSALENTE G|28.61|UN|4511.20|6102|40|0.00|12.00|0.00|0.00|0.00|0.00|0.00|0.00|0.00|
|C170|2|PROD001|PECA MECANICA TIPO A|40.40|UN|2174.49|6102|10|2082.10|12.00|249.85|0.00|0.00|0.00|0.00|0.00|0.00|
|C170|3|PROD005|INSUMO INDUSTRIAL E|19.45|UN|641.92|6102|00|617.60|12.00|74.11|0.00|0.00|0.00|0.00|0.00|0.00|
|C170|4|PROD007|PARTE SOBRESSALENTE G|15.77|UN|1496.64|6102|70|0.00|12.00|0.00|0.00|0.00|0.00|0.00|0.00|0.00|
|C170|5|PROD003|MATERIAL BRUTO C|38.14|UN|7941.75|6102|20|7817.09|12.00|938.05|0.00|0.00|0.00|0.00|0.00|0.00|
|C100|1|0|11223344000166|55|00|000000267|000|01032024|01032024|34338.13|2113.83|253.66|0.00|0.00|0.00|0.00|0.00|0.00|0.00|0|33366699000100|
|C170|1|PROD004|PRODUTO ACABADO D|40.64|UN|31734.46|5101|70|0.00|12.00|0.00|0.00|0.00|0.00|0.00|0.00|0.00|
|C170|2|PROD002|COMPONENTE ELETRICO B|29.61|UN|980.25|5101|20|833.39|12.00|100.01|0.00|0.00|0.00|0.00|0.00|0.00|
|C170|3|PROD006|EMBALAGEM PADRAO F|26.05|UN|166.19|5101|40|0.00|12.00|0.00|0.00|0.00|0.00|0.00|0.00|0.00|
|C170|4|PROD002|COMPONENTE ELETRICO B|41.65|UN|1457.23|5101|10|1280.44|12.00|153.65|0.00|0.00|0.00|0.00|0.00|0.00|
|C100|1|0|11223344000166|55|00|000000268|000|25032024|27032024|1320.05|1156.49|138.78|0.00|0.00|0.00|0.00|0.00|0.00|0.00|0|99900011000155|
|C170|1|PROD005|INSUMO INDUSTRIAL E|47.04|UN|1320.05|5101|20|1156.49|12.00|138.78|0.00|0.00|0.00|0.00|0.00|0.00|
|C100|1|0|11223344000166|55|00|000000269|000|07032024|08032024|50979.80|3272.13|392.65|0.00|0.00|0.00|0.00|0.00|0.00|0.00|0|99900011000155|
|C170|1|PROD003|MATERIAL BRUTO C|42.91|UN|9316.85|5101|40|0.00|12.00|0.00|0.00|0.00|0.00|0.00|0.00|0.00|
|C170|2|PROD007|PARTE SOBRESSALENTE G|19.66|UN|2528.48|5101|10|2286.01|12.00|274.32|0.00|0.00|0.00|0.00|0.00|0.00|
|C170|3|PROD002|COMPONENTE ELETRICO B|15.90|UN|996.58|5101|00|986.12|12.00|118.33|0.00|0.00|0.00|0.00|0.00|0.00|
|C170|4|PROD008|CONJUNTO MONTADO H|27.95|UN|38137.89|5101|40|0.00|12.00|0.00|0.00|0.00|0.00|0.00|0.00|0.00|
|C100|1|0|11223344000166|55|00|000000270|000|16032024|19032024|3217.88|2791.30|334.96|0.00|0.00|0.00|0.00|0.00|0.00|0.00|0|33366699000100|
|C170|1|PROD001|PECA MECANICA TIPO A|11.91|UN|1347.35|5102|00|1276.13|12.00|153.14|0.00|0.00|0.00|0.00|0.00|0.00|
|C170|2|PROD006|EMBALAGEM PADRAO F|35.21|UN|287.30|5102|40|0.00|12.00|0.00|0.00|0.00|0.00|0.00|0.00|0.00|
|C170|3|PROD002|COMPONENTE ELETRICO B|48.03|UN|1583.23|5102|00|1515.17|12.00|181.82|0.00|0.00|0.00|0.00|0.00|0.00|
|C100|1|0|11223344000166|55|00|000000271|000|31032024|02042024|4421.76|0.00|0.00|0.00|0.00|0.00|0.00|0.00|0.00|0.00|0|22244466000133|
|C170|1|PROD005|INSUMO INDUSTRIAL E|22.00|UN|765.35|5101|40|0.00|12.00|0.00|0.00|0.00|0.00|0.00|0.00|0.00|
|C170|2|PROD007|PARTE SOBRESSALENTE G|24.26|UN|3656.41|5101|41|0.00|12.00|0.00|0.00|0.00|0.00|0.00|0.00|0.00|
|C100|1|0|11223344000166|55|00|000000272|000|09032024|10032024|10690.61|1569.83|188.38|0.00|0.00|0.00|0.00|0.00|0.00|0.00|0|33366699000100|
|C170|1|PROD008|CONJUNTO MONTADO H|2.15|UN|1701.24|5401|20|1569.83|12.00|188.38|0.00|0.00|0.00|0.00|0.00|0.00|
|C170|2|PROD004|PRODUTO ACABADO D|9.46|UN|8989.37|5401|40|0.00|12.00|0.00|0.00|0.00|0.00|0.00|0.00|0.00|
|C100|1|0|11223344000166|55|00|000000273|000|22032024|25032024|18735.18|16470.69|1976.48|0.00|0.00|0.00|0.00|0.00|0.00|0.00|0|22244466000133|
|C170|1|PROD005|INSUMO INDUSTRIAL E|47.65|UN|1701.44|6102|10|1458.35|12.00|175.00|0.00|0.00|0.00|0.00|0.00|0.00|
|C170|2|PROD004|PRODUTO ACABADO D|31.67|UN|17033.74|6102|00|15012.34|12.00|1801.48|0.00|0.00|0.00|0.00|0.00|0.00|
|C100|1|0|11223344000166|55|00|000000274|000|17032024|18032024|25116.34|20513.59|2461.63|0.00|0.00|0.00|0.00|0.00|0.00|0.00|0|33366699000100|
|C170|1|PROD002|COMPONENTE ELETRICO B|48.82|UN|4045.06|5403|41|0.00|12.00|0.00|0.00|0.00|0.00|0.00|0.00|0.00|
|C170|2|PROD002|COMPONENTE ELETRICO B|29.83|UN|1218.85|5403|00|1098.48|12.00|131.82|0.00|0.00|0.00|0.00|0.00|0.00|
|C170|3|PROD004|PRODUTO ACABADO D|28.90|UN|17032.24|5403|00|16973.28|12.00|2036.79|0.00|0.00|0.00|0.00|0.00|0.00|
|C170|4|PROD001|PECA MECANICA TIPO A|30.03|UN|2820.19|5403|00|2441.83|12.00|293.02|0.00|0.00|0.00|0.00|0.00|0.00|
|C100|1|0|11223344000166|55|00|000000275|000|23032024|23032024|7712.40|0.00|0.00|0.00|0.00|0.00|0.00|0.00|0.00|0.00|0|99900011000155|
|C170|1|PROD006|EMBALAGEM PADRAO F|3.06|UN|25.66|5101|41|0.00|12.00|0.00|0.00|0.00|0.00|0.00|0.00|0.00|
|C170|2|PROD005|INSUMO INDUSTRIAL E|24.64|UN|452.85|5101|30|0.00|12.00|0.00|0.00|0.00|0.00|0.00|0.00|0.00|
|C170|3|PROD008|CONJUNTO MONTADO H|5.96|UN|7233.89|5101|40|0.00|12.00|0.00|0.00|0.00|0.00|0.00|0.00|0.00|
|C100|1|0|11223344000166|55|00|000000276|000|23032024|26032024|8970.53|7894.20|947.32|0.00|0.00|0.00|0.00|0.00|0.00|0.00|0|99900011000155|
|C170|1|PROD005|INSUMO INDUSTRIAL E|41.93|UN|1321.57|5101|00|1319.88|12.00|158.39|0.00|0.00|0.00|0.00|0.00|0.00|
|C170|2|PROD003|MATERIAL BRUTO C|7.30|UN|1493.97|5101|10|1395.97|12.00|167.52|0.00|0.00|0.00|0.00|0.00|0.00|
|C170|3|PROD001|PECA MECANICA TIPO A|2.42|UN|159.73|5101|00|158.71|12.00|19.05|0.00|0.00|0.00|0.00|0.00|0.00|
|C170|4|PROD001|PECA MECANICA TIPO A|43.21|UN|5156.25|5101|20|5019.64|12.00|602.36|0.00|0.00|0.00|0.00|0.00|0.00|
|C170|5|PROD005|INSUMO INDUSTRIAL E|23.07|UN|839.01|5101|30|0.00|12.00|0.00|0.00|0.00|0.00|0.00|0.00|0.00|
|C100|1|0|11223344000166|55|00|000000277|000|20032024|21032024|11874.85|0.00|0.00|0.00|0.00|0.00|0.00|0.00|0.00|0.00|0|22244466000133|
|C170|1|PROD007|PARTE SOBRESSALENTE G|19.51|UN|1563.99|6102|40|0.00|12.00|0.00|0.00|0.00|0.00|0.00|0.00|0.00|
|C170|2|PROD007|PARTE SOBRESSALENTE G|3.35|UN|325.63|6102|40|0.00|12.00|0.00|0.00|0.00|0.00|0.00|0.00|0.00|
|C170|3|PROD004|PRODUTO ACABADO D|12.82|UN|9985.23|6102|50|0.00|12.00|0.00|0.00|0.00|0.00|0.00|0.00|0.00|
|C100|1|0|11223344000166|55|00|000000278|000|30032024|30032024|20993.10|16341.71|1961.01|0.00|0.00|0.00|0.00|0.00|0.00|0.00|0|99900011000155|
|C170|1|PROD007|PARTE SOBRESSALENTE G|29.18|UN|2523.86|5401|40|0.00|12.00|0.00|0.00|0.00|0.00|0.00|0.00|0.00|
|C170|2|PROD001|PECA MECANICA TIPO A|13.37|UN|828.39|5401|10|790.16|12.00|94.82|0.00|0.00|0.00|0.00|0.00|0.00|
|C170|3|PROD004|PRODUTO ACABADO D|33.36|UN|17640.85|5401|20|15551.55|12.00|1866.19|0.00|0.00|0.00|0.00|0.00|0.00|
|C100|1|0|11223344000166|55|00|000000279|000|26032024|28032024|42824.29|36311.35|4357.36|0.00|0.00|0.00|0.00|0.00|0.00|0.00|0|55512312300010|
|C170|1|PROD004|PRODUTO ACABADO D|46.26|UN|29302.47|6101|00|25365.95|12.00|3043.91|0.00|0.00|0.00|0.00|0.00|0.00|
|C170|2|PROD007|PARTE SOBRESSALENTE G|4.29|UN|643.61|6101|20|623.22|12.00|74.79|0.00|0.00|0.00|0.00|0.00|0.00|
|C170|3|PROD003|MATERIAL BRUTO C|44.35|UN|9783.61|6101|00|9011.90|12.00|1081.43|0.00|0.00|0.00|0.00|0.00|0.00|
|C170|4|PROD007|PARTE SOBRESSALENTE G|13.02|UN|1376.58|6101|10|1310.28|12.00|157.23|0.00|0.00|0.00|0.00|0.00|0.00|
|C170|5|PROD001|PECA MECANICA TIPO A|15.38|UN|1718.02|6101|40|0.00|12.00|0.00|0.00|0.00|0.00|0.00|0.00|0.00|
|C100|1|0|11223344000166|55|00|000000280|000|12032024|13032024|12895.50|5379.21|645.51|0.00|0.00|0.00|0.00|0.00|0.00|0.00|0|22244466000133|
|C170|1|PROD003|MATERIAL BRUTO C|32.14|UN|7292.02|5403|41|0.00|12.00|0.00|0.00|0.00|0.00|0.00|0.00|0.00|
|C170|2|PROD003|MATERIAL BRUTO C|16.19|UN|3980.49|5403|00|3849.83|12.00|461.98|0.00|0.00|0.00|0.00|0.00|0.00|
|C170|3|PROD001|PECA MECANICA TIPO A|17.37|UN|1622.99|5403|00|1529.38|12.00|183.53|0.00|0.00|0.00|0.00|0.00|0.00|
|C100|1|0|11223344000166|55|00|000000281|000|11032024|13032024|57199.42|39050.48|4686.05|0.00|0.00|0.00|0.00|0.00|0.00|0.00|0|22244466000133|
|C170|1|PROD008|CONJUNTO MONTADO H|12.86|UN|9140.38|5401|90|7932.36|12.00|951.88|0.00|0.00|0.00|0.00|0.00|0.00|
|C170|2|PROD007|PARTE SOBRESSALENTE G|9.75|UN|1146.19|5401|40|0.00|12.00|0.00|0.00|0.00|0.00|0.00|0.00|0.00|
|C170|3|PROD008|CONJUNTO MONTADO H|15.61|UN|15054.48|5401|60|0.00|12.00|0.00|0.00|0.00|0.00|0.00|0.00|0.00|
|C170|4|PROD008|CONJUNTO MONTADO H|42.69|UN|31858.37|5401|10|31118.12|12.00|3734.17|0.00|0.00|0.00|0.00|0.00|0.00|
|C100|1|0|11223344000166|55|00|000000282|000|04032024|07032024|82510.97|75636.72|9076.40|0.00|0.00|0.00|0.00|0.00|0.00|0.00|0|22244466000133|
|C170|1|PROD007|PARTE SOBRESSALENTE G|6.48|UN|662.89|6101|60|0.00|12.00|0.00|0.00|0.00|0.00|0.00|0.00|0.00|
|C170|2|PROD008|CONJUNTO MONTADO H|48.90|UN|41396.78|6101|00|41062.25|12.00|4927.47|0.00|0.00|0.00|0.00|0.00|0.00|
|C170|3|PROD002|COMPONENTE ELETRICO B|39.15|UN|1296.52|6101|10|1245.37|12.00|149.44|0.00|0.00|0.00|0.00|0.00|0.00|
|C170|4|PROD007|PARTE SOBRESSALENTE G|42.31|UN|4316.57|6101|50|0.00|12.00|0.00|0.00|0.00|0.00|0.00|0.00|0.00|
|C170|5|PROD008|CONJUNTO MONTADO H|43.42|UN|34838.21|6101|20|33329.10|12.00|3999.49|0.00|0.00|0.00|0.00|0.00|0.00|
|C100|1|0|11223344000166|55|00|000000283|000|21032024|21032024|27361.70|15904.73|1908.56|0.00|0.00|0.00|0.00|0.00|0.00|0.00|0|22244466000133|
|C170|1|PROD002|COMPONENTE ELETRICO B|36.31|UN|1538.69|6102|00|1535.52|12.00|184.26|0.00|0.00|0.00|0.00|0.00|0.00|
|C170|2|PROD007|PARTE SOBRESSALENTE G|3.02|UN|321.62|6102|00|318.20|12.00|38.18|0.00|0.00|0.00|0.00|0.00|0.00|
|C170|3|PROD003|MATERIAL BRUTO C|40.29|UN|9833.81|6102|41|0.00|12.00|0.00|0.00|0.00|0.00|0.00|0.00|0.00|
|C170|4|PROD003|MATERIAL BRUTO C|30.33|UN|8821.75|6102|20|8016.99|12.00|962.04|0.00|0.00|0.00|0.00|0.00|0.00|
|C170|5|PROD008|CONJUNTO MONTADO H|7.83|UN|6845.83|6102|00|6034.02|12.00|724.08|0.00|0.00|0.00|0.00|0.00|0.00|
|C100|1|0|11223344000166|55|00|000000284|000|07032024|08032024|8138.48|7181.68|861.79|0.00|0.00|0.00|0.00|0.00|0.00|0.00|0|55512312300010|
|C170|1|PROD007|PARTE SOBRESSALENTE G|5.06|UN|759.46|5401|40|0.00|12.00|0.00|0.00|0.00|0.00|0.00|0.00|0.00|
|C170|2|PROD001|PECA MECANICA TIPO A|1.67|UN|121.99|5401|00|120.54|12.00|14.46|0.00|0.00|0.00|0.00|0.00|0.00|
|C170|3|PROD002|COMPONENTE ELETRICO B|38.89|UN|2763.67|5401|20|2728.02|12.00|327.36|0.00|0.00|0.00|0.00|0.00|0.00|
|C170|4|PROD004|PRODUTO ACABADO D|8.43|UN|4493.36|5401|00|4333.12|12.00|519.97|0.00|0.00|0.00|0.00|0.00|0.00|
|C100|1|0|11223344000166|55|00|000000285|000|19032024|20032024|79175.00|58736.95|7048.43|0.00|0.00|0.00|0.00|0.00|0.00|0.00|0|22244466000133|
|C170|1|PROD007|PARTE SOBRESSALENTE G|31.66|UN|4660.23|5401|00|4291.52|12.00|514.98|0.00|0.00|0.00|0.00|0.00|0.00|
|C170|2|PROD001|PECA MECANICA TIPO A|33.31|UN|3662.21|5401|40|0.00|12.00|0.00|0.00|0.00|0.00|0.00|0.00|0.00|
|C170|3|PROD008|CONJUNTO MONTADO H|42.71|UN|59124.19|5401|20|54445.43|12.00|6533.45|0.00|0.00|0.00|0.00|0.00|0.00|
|C170|4|PROD004|PRODUTO ACABADO D|14.03|UN|11246.61|5401|41|0.00|12.00|0.00|0.00|0.00|0.00|0.00|0.00|0.00|
|C170|5|PROD005|INSUMO INDUSTRIAL E|14.48|UN|481.76|5401|60|0.00|12.00|0.00|0.00|0.00|0.00|0.00|0.00|0.00|
|C100|1|0|11223344000166|55|00|000000286|000|03032024|05032024|1446.57|1446.31|173.56|0.00|0.00|0.00|0.00|0.00|0.00|0.00|0|22244466000133|
|C170|1|PROD002|COMPONENTE ELETRICO B|21.47|UN|1446.57|5102|20|1446.31|12.00|173.56|0.00|0.00|0.00|0.00|0.00|0.00|
|C100|1|0|11223344000166|55|00|000000287|000|04032024|07032024|19169.15|18461.50|2215.37|0.00|0.00|0.00|0.00|0.00|0.00|0.00|0|99900011000155|
|C170|1|PROD002|COMPONENTE ELETRICO B|6.93|UN|414.50|5403|20|374.04|12.00|44.88|0.00|0.00|0.00|0.00|0.00|0.00|
|C170|2|PROD007|PARTE SOBRESSALENTE G|42.65|UN|4963.06|5403|90|4713.53|12.00|565.62|0.00|0.00|0.00|0.00|0.00|0.00|
|C170|3|PROD008|CONJUNTO MONTADO H|16.55|UN|13791.59|5403|00|13373.93|12.00|1604.87|0.00|0.00|0.00|0.00|0.00|0.00|
|C100|1|0|11223344000166|55|00|000000288|000|23032024|23032024|2412.58|332.96|39.96|0.00|0.00|0.00|0.00|0.00|0.00|0.00|0|33366699000100|
|C170|1|PROD004|PRODUTO ACABADO D|2.14|UN|2059.49|5403|60|0.00|12.00|0.00|0.00|0.00|0.00|0.00|0.00|0.00|
|C170|2|PROD006|EMBALAGEM PADRAO F|17.19|UN|173.64|5403|10|173.40|12.00|20.81|0.00|0.00|0.00|0.00|0.00|0.00|
|C170|3|PROD006|EMBALAGEM PADRAO F|19.30|UN|179.45|5403|00|159.56|12.00|19.15|0.00|0.00|0.00|0.00|0.00|0.00|
|C100|1|0|11223344000166|55|00|000000289|000|18032024|19032024|2179.79|1572.68|188.72|0.00|0.00|0.00|0.00|0.00|0.00|0.00|0|77788899000177|
|C170|1|PROD002|COMPONENTE ELETRICO B|22.45|UN|1294.13|5102|90|1292.92|12.00|155.15|0.00|0.00|0.00|0.00|0.00|0.00|
|C170|2|PROD005|INSUMO INDUSTRIAL E|13.19|UN|313.77|5102|00|279.76|12.00|33.57|0.00|0.00|0.00|0.00|0.00|0.00|
|C170|3|PROD001|PECA MECANICA TIPO A|9.80|UN|571.89|5102|60|0.00|12.00|0.00|0.00|0.00|0.00|0.00|0.00|0.00|
|C100|1|0|11223344000166|55|00|000000290|000|23032024|26032024|47778.10|0.00|0.00|0.00|0.00|0.00|0.00|0.00|0.00|0.00|0|77788899000177|
|C170|1|PROD006|EMBALAGEM PADRAO F|28.83|UN|257.49|6101|40|0.00|12.00|0.00|0.00|0.00|0.00|0.00|0.00|0.00|
|C170|2|PROD006|EMBALAGEM PADRAO F|20.01|UN|185.52|6101|41|0.00|12.00|0.00|0.00|0.00|0.00|0.00|0.00|0.00|
|C170|3|PROD004|PRODUTO ACABADO D|49.97|UN|45820.24|6101|40|0.00|12.00|0.00|0.00|0.00|0.00|0.00|0.00|0.00|
|C170|4|PROD002|COMPONENTE ELETRICO B|25.22|UN|1514.85|6101|40|0.00|12.00|0.00|0.00|0.00|0.00|0.00|0.00|0.00|
|C100|1|0|11223344000166|55|00|000000291|000|08032024|10032024|4067.48|988.30|118.60|0.00|0.00|0.00|0.00|0.00|0.00|0.00|0|99900011000155|
|C170|1|PROD002|COMPONENTE ELETRICO B|38.70|UN|2988.41|5401|40|0.00|12.00|0.00|0.00|0.00|0.00|0.00|0.00|0.00|
|C170|2|PROD005|INSUMO INDUSTRIAL E|34.04|UN|1079.07|5401|10|988.30|12.00|118.60|0.00|0.00|0.00|0.00|0.00|0.00|
|C100|1|0|11223344000166|55|00|000000292|000|01032024|01032024|4096.13|4006.40|480.77|0.00|0.00|0.00|0.00|0.00|0.00|0.00|0|99900011000155|
|C170|1|PROD003|MATERIAL BRUTO C|14.88|UN|4096.13|5403|00|4006.40|12.00|480.77|0.00|0.00|0.00|0.00|0.00|0.00|
|C100|1|0|11223344000166|55|00|000000293|000|02032024|04032024|38296.85|36019.48|4322.34|0.00|0.00|0.00|0.00|0.00|0.00|0.00|0|33366699000100|
|C170|1|PROD002|COMPONENTE ELETRICO B|21.42|UN|834.04|5102|20|764.64|12.00|91.76|0.00|0.00|0.00|0.00|0.00|0.00|
|C170|2|PROD002|COMPONENTE ELETRICO B|47.28|UN|1467.16|5102|30|0.00|12.00|0.00|0.00|0.00|0.00|0.00|0.00|0.00|
|C170|3|PROD006|EMBALAGEM PADRAO F|36.21|UN|263.64|5102|20|240.45|12.00|28.85|0.00|0.00|0.00|0.00|0.00|0.00|
|C170|4|PROD004|PRODUTO ACABADO D|40.16|UN|35732.01|5102|00|35014.39|12.00|4201.73|0.00|0.00|0.00|0.00|0.00|0.00|
|C100|1|0|11223344000166|55|00|000000294|000|10032024|12032024|32589.85|13970.16|1676.42|0.00|0.00|0.00|0.00|0.00|0.00|0.00|0|77788899000177|
|C170|1|PROD003|MATERIAL BRUTO C|25.98|UN|9058.11|5403|40|0.00|12.00|0.00|0.00|0.00|0.00|0.00|0.00|0.00|
|C170|2|PROD003|MATERIAL BRUTO C|34.63|UN|8054.71|5403|40|0.00|12.00|0.00|0.00|0.00|0.00|0.00|0.00|0.00|
|C170|3|PROD003|MATERIAL BRUTO C|46.33|UN|15327.82|5403|00|13970.16|12.00|1676.42|0.00|0.00|0.00|0.00|0.00|0.00|
|C170|4|PROD005|INSUMO INDUSTRIAL E|3.91|UN|149.21|5403|60|0.00|12.00|0.00|0.00|0.00|0.00|0.00|0.00|0.00|
|C100|1|0|11223344000166|55|00|000000295|000|22032024|23032024|11423.61|5484.63|658.15|0.00|0.00|0.00|0.00|0.00|0.00|0.00|0|33366699000100|
|C170|1|PROD006|EMBALAGEM PADRAO F|24.77|UN|157.80|5102|60|0.00|12.00|0.00|0.00|0.00|0.00|0.00|0.00|0.00|
|C170|2|PROD007|PARTE SOBRESSALENTE G|17.19|UN|1380.28|5102|00|1178.62|12.00|141.43|0.00|0.00|0.00|0.00|0.00|0.00|
|C170|3|PROD007|PARTE SOBRESSALENTE G|36.36|UN|4547.04|5102|00|4306.01|12.00|516.72|0.00|0.00|0.00|0.00|0.00|0.00|
|C170|4|PROD007|PARTE SOBRESSALENTE G|36.55|UN|5338.49|5102|40|0.00|12.00|0.00|0.00|0.00|0.00|0.00|0.00|0.00|
|C100|1|0|11223344000166|55|00|000000296|000|13032024|16032024|55892.78|47935.77|5752.29|0.00|0.00|0.00|0.00|0.00|0.00|0.00|0|55512312300010|
|C170|1|PROD003|MATERIAL BRUTO C|30.85|UN|9430.23|6101|00|8244.15|12.00|989.30|0.00|0.00|0.00|0.00|0.00|0.00|
|C170|2|PROD008|CONJUNTO MONTADO H|35.89|UN|46462.55|6101|00|39691.62|12.00|4762.99|0.00|0.00|0.00|0.00|0.00|0.00|
|C100|1|0|11223344000166|55|00|000000297|000|03032024|05032024|19693.77|15771.04|1892.53|0.00|0.00|0.00|0.00|0.00|0.00|0.00|0|99900011000155|
|C170|1|PROD001|PECA MECANICA TIPO A|29.69|UN|2431.37|5401|50|0.00|12.00|0.00|0.00|0.00|0.00|0.00|0.00|0.00|
|C170|2|PROD004|PRODUTO ACABADO D|15.32|UN|13703.81|5401|00|12486.30|12.00|1498.36|0.00|0.00|0.00|0.00|0.00|0.00|
|C170|3|PROD002|COMPONENTE ELETRICO B|47.79|UN|1918.25|5401|20|1692.12|12.00|203.05|0.00|0.00|0.00|0.00|0.00|0.00|
|C170|4|PROD002|COMPONENTE ELETRICO B|4.42|UN|328.64|5401|00|304.21|12.00|36.51|0.00|0.00|0.00|0.00|0.00|0.00|
|C170|5|PROD005|INSUMO INDUSTRIAL E|40.52|UN|1311.70|5401|20|1288.41|12.00|154.61|0.00|0.00|0.00|0.00|0.00|0.00|
|C100|1|0|11223344000166|55|00|000000298|000|15032024|18032024|21779.51|4592.98|551.16|0.00|0.00|0.00|0.00|0.00|0.00|0.00|0|33366699000100|
|C170|1|PROD003|MATERIAL BRUTO C|46.34|UN|13990.85|6101|60|0.00|12.00|0.00|0.00|0.00|0.00|0.00|0.00|0.00|
|C170|2|PROD006|EMBALAGEM PADRAO F|39.40|UN|360.51|6101|40|0.00|12.00|0.00|0.00|0.00|0.00|0.00|0.00|0.00|
|C170|3|PROD004|PRODUTO ACABADO D|7.74|UN|4997.48|6101|00|4592.98|12.00|551.16|0.00|0.00|0.00|0.00|0.00|0.00|
|C170|4|PROD002|COMPONENTE ELETRICO B|38.46|UN|2430.67|6101|70|0.00|12.00|0.00|0.00|0.00|0.00|0.00|0.00|0.00|
|C100|1|0|11223344000166|55|00|000000299|000|14032024|16032024|13935.16|2987.83|358.54|0.00|0.00|0.00|0.00|0.00|0.00|0.00|0|55512312300010|
|C170|1|PROD007|PARTE SOBRESSALENTE G|11.68|UN|1807.80|6102|10|1695.22|12.00|203.43|0.00|0.00|0.00|0.00|0.00|0.00|
|C170|2|PROD003|MATERIAL BRUTO C|32.99|UN|8148.28|6102|40|0.00|12.00|0.00|0.00|0.00|0.00|0.00|0.00|0.00|
|C170|3|PROD005|INSUMO INDUSTRIAL E|46.48|UN|1106.25|6102|00|1017.45|12.00|122.09|0.00|0.00|0.00|0.00|0.00|0.00|
|C170|4|PROD002|COMPONENTE ELETRICO B|39.48|UN|2580.35|6102|40|0.00|12.00|0.00|0.00|0.00|0.00|0.00|0.00|0.00|
|C170|5|PROD006|EMBALAGEM PADRAO F|32.72|UN|292.48|6102|00|275.16|12.00|33.02|0.00|0.00|0.00|0.00|0.00|0.00|
|C100|1|0|11223344000166|55|00|000000300|000|23032024|23032024|5535.22|5225.11|627.01|0.00|0.00|0.00|0.00|0.00|0.00|0.00|0|33366699000100|
|C170|1|PROD001|PECA MECANICA TIPO A|31.16|UN|2723.12|5101|20|2577.86|12.00|309.34|0.00|0.00|0.00|0.00|0.00|0.00|
|C170|2|PROD001|PECA MECANICA TIPO A|19.42|UN|1899.66|5101|10|1790.66|12.00|214.88|0.00|0.00|0.00|0.00|0.00|0.00|
|C170|3|PROD001|PECA MECANICA TIPO A|16.06|UN|912.44|5101|20|856.59|12.00|102.79|0.00|0.00|0.00|0.00|0.00|0.00|
|C100|1|0|11223344000166|55|00|000000301|000|27032024|30032024|24397.91|5225.24|627.03|0.00|0.00|0.00|0.00|0.00|0.00|0.00|0|22244466000133|
|C170|1|PROD003|MATERIAL BRUTO C|26.97|UN|8493.57|5403|40|0.00|12.00|0.00|0.00|0.00|0.00|0.00|0.00|0.00|
|C170|2|PROD008|CONJUNTO MONTADO H|10.34|UN|9180.09|5403|40|0.00|12.00|0.00|0.00|0.00|0.00|0.00|0.00|0.00|
|C170|3|PROD007|PARTE SOBRESSALENTE G|35.59|UN|5053.71|5403|00|4894.16|12.00|587.30|0.00|0.00|0.00|0.00|0.00|0.00|
|C170|4|PROD005|INSUMO INDUSTRIAL E|17.14|UN|386.39|5403|90|331.08|12.00|39.73|0.00|0.00|0.00|0.00|0.00|0.00|
|C170|5|PROD001|PECA MECANICA TIPO A|18.18|UN|1284.15|5403|40|0.00|12.00|0.00|0.00|0.00|0.00|0.00|0.00|0.00|
|C100|1|0|11223344000166|55|00|000000302|000|14032024|17032024|667.01|576.51|69.18|0.00|0.00|0.00|0.00|0.00|0.00|0.00|0|22244466000133|
|C170|1|PROD001|PECA MECANICA TIPO A|8.51|UN|667.01|5401|00|576.51|12.00|69.18|0.00|0.00|0.00|0.00|0.00|0.00|
|C100|1|0|11223344000166|55|00|000000303|000|30032024|02042024|1079.50|0.00|0.00|0.00|0.00|0.00|0.00|0.00|0.00|0.00|0|55512312300010|
|C170|1|PROD005|INSUMO INDUSTRIAL E|43.67|UN|1079.50|5102|50|0.00|12.00|0.00|0.00|0.00|0.00|0.00|0.00|0.00|
|C100|1|0|11223344000166|55|00|000000304|000|18032024|19032024|42050.64|15431.95|1851.84|0.00|0.00|0.00|0.00|0.00|0.00|0.00|0|22244466000133|
|C170|1|PROD004|PRODUTO ACABADO D|27.49|UN|26082.94|5401|41|0.00|12.00|0.00|0.00|0.00|0.00|0.00|0.00|0.00|
|C170|2|PROD004|PRODUTO ACABADO D|15.58|UN|14068.80|5401|00|13635.98|12.00|1636.32|0.00|0.00|0.00|0.00|0.00|0.00|
|C170|3|PROD002|COMPONENTE ELETRICO B|23.15|UN|1898.90|5401|00|1795.97|12.00|215.52|0.00|0.00|0.00|0.00|0.00|0.00|
|C100|1|0|11223344000166|55|00|000000305|000|29032024|29032024|17676.96|13982.56|1677.91|0.00|0.00|0.00|0.00|0.00|0.00|0.00|0|33366699000100|
|C170|1|PROD004|PRODUTO ACABADO D|22.83|UN|14205.99|5403|00|12249.10|12.00|1469.89|0.00|0.00|0.00|0.00|0.00|0.00|
|C170|2|PROD007|PARTE SOBRESSALENTE G|20.95|UN|1714.93|5403|40|0.00|12.00|0.00|0.00|0.00|0.00|0.00|0.00|0.00|
|C170|3|PROD005|INSUMO INDUSTRIAL E|47.63|UN|1756.04|5403|20|1733.46|12.00|208.02|0.00|0.00|0.00|0.00|0.00|0.00|
|C100|1|0|11223344000166|55|00|000000306|000|16032024|18032024|9559.43|8595.52|1031.46|0.00|0.00|0.00|0.00|0.00|0.00|0.00|0|99900011000155|
|C170|1|PROD006|EMBALAGEM PADRAO F|2.49|UN|13.11|5102|41|0.00|12.00|0.00|0.00|0.00|0.00|0.00|0.00|0.00|
|C170|2|PROD003|MATERIAL BRUTO C|39.77|UN|9546.32|5102|00|8595.52|12.00|1031.46|0.00|0.00|0.00|0.00|0.00|0.00|
|C100|1|0|11223344000166|55|00|000000307|000|24032024|24032024|12637.92|11978.08|1437.37|0.00|0.00|0.00|0.00|0.00|0.00|0.00|0|22244466000133|
|C170|1|PROD003|MATERIAL BRUTO C|36.01|UN|8212.27|5403|00|8039.87|12.00|964.78|0.00|0.00|0.00|0.00|0.00|0.00|
|C170|2|PROD007|PARTE SOBRESSALENTE G|1.42|UN|225.91|5403|40|0.00|12.00|0.00|0.00|0.00|0.00|0.00|0.00|0.00|
|C170|3|PROD003|MATERIAL BRUTO C|13.27|UN|4199.74|5403|20|3938.21|12.00|472.59|0.00|0.00|0.00|0.00|0.00|0.00|
|C100|1|0|11223344000166|55|00|000000308|000|19032024|20032024|1002.90|983.28|117.99|0.00|0.00|0.00|0.00|0.00|0.00|0.00|0|22244466000133|
|C170|1|PROD007|PARTE SOBRESSALENTE G|7.36|UN|1002.90|5102|10|983.28|12.00|117.99|0.00|0.00|0.00|0.00|0.00|0.00|
|C100|1|0|11223344000166|55|00|000000309|000|24032024|27032024|33866.28|0.00|0.00|0.00|0.00|0.00|0.00|0.00|0.00|0.00|0|55512312300010|
|C170|1|PROD008|CONJUNTO MONTADO H|26.66|UN|33866.28|6102|30|0.00|12.00|0.00|0.00|0.00|0.00|0.00|0.00|0.00|
|C100|1|0|11223344000166|55|00|000000310|000|18032024|19032024|312.44|289.89|34.79|0.00|0.00|0.00|0.00|0.00|0.00|0.00|0|55512312300010|
|C170|1|PROD005|INSUMO INDUSTRIAL E|1.71|UN|56.84|5403|00|54.31|12.00|6.52|0.00|0.00|0.00|0.00|0.00|0.00|
|C170|2|PROD006|EMBALAGEM PADRAO F|19.18|UN|137.15|5403|00|125.33|12.00|15.04|0.00|0.00|0.00|0.00|0.00|0.00|
|C170|3|PROD006|EMBALAGEM PADRAO F|11.49|UN|118.45|5403|10|110.25|12.00|13.23|0.00|0.00|0.00|0.00|0.00|0.00|
|C100|1|0|11223344000166|55|00|000000311|000|27032024|27032024|31873.35|1382.72|165.92|0.00|0.00|0.00|0.00|0.00|0.00|0.00|0|33366699000100|
|C170|1|PROD002|COMPONENTE ELETRICO B|13.10|UN|931.92|6101|51|850.87|12.00|102.10|0.00|0.00|0.00|0.00|0.00|0.00|
|C170|2|PROD005|INSUMO INDUSTRIAL E|15.52|UN|593.29|6101|00|531.85|12.00|63.82|0.00|0.00|0.00|0.00|0.00|0.00|
|C170|3|PROD008|CONJUNTO MONTADO H|24.17|UN|30348.14|6101|40|0.00|12.00|0.00|0.00|0.00|0.00|0.00|0.00|0.00|
|C100|1|0|11223344000166|55|00|000000312|000|04032024|05032024|15549.40|13736.87|1648.42|0.00|0.00|0.00|0.00|0.00|0.00|0.00|0|22244466000133|
|C170|1|PROD004|PRODUTO ACABADO D|18.67|UN|15549.40|6102|20|13736.87|12.00|1648.42|0.00|0.00|0.00|0.00|0.00|0.00|
|C100|1|0|11223344000166|55|00|000000313|000|01032024|02032024|69936.47|17396.76|2087.62|0.00|0.00|0.00|0.00|0.00|0.00|0.00|0|99900011000155|
|C170|1|PROD004|PRODUTO ACABADO D|47.96|UN|43313.75|6102|40|0.00|12.00|0.00|0.00|0.00|0.00|0.00|0.00|0.00|
|C170|2|PROD003|MATERIAL BRUTO C|10.39|UN|2656.46|6102|40|0.00|12.00|0.00|0.00|0.00|0.00|0.00|0.00|0.00|
|C170|3|PROD004|PRODUTO ACABADO D|25.41|UN|18378.80|6102|51|17149.38|12.00|2057.93|0.00|0.00|0.00|0.00|0.00|0.00|
|C170|4|PROD002|COMPONENTE ELETRICO B|7.25|UN|248.53|6102|00|247.38|12.00|29.69|0.00|0.00|0.00|0.00|0.00|0.00|
|C170|5|PROD003|MATERIAL BRUTO C|22.75|UN|5338.93|6102|40|0.00|12.00|0.00|0.00|0.00|0.00|0.00|0.00|0.00|
|C100|1|0|11223344000166|55|00|000000314|000|05032024|05032024|3910.61|0.00|0.00|0.00|0.00|0.00|0.00|0.00|0.00|0.00|0|77788899000177|
|C170|1|PROD007|PARTE SOBRESSALENTE G|30.40|UN|3910.61|5101|70|0.00|12.00|0.00|0.00|0.00|0.00|0.00|0.00|0.00|
|C100|1|0|11223344000166|55|00|000000315|000|17032024|20032024|52613.39|32112.49|3853.50|0.00|0.00|0.00|0.00|0.00|0.00|0.00|0|55512312300010|
|C170|1|PROD003|MATERIAL BRUTO C|44.51|UN|10247.77|5401|40|0.00|12.00|0.00|0.00|0.00|0.00|0.00|0.00|0.00|
|C170|2|PROD002|COMPONENTE ELETRICO B|6.52|UN|297.05|5401|70|0.00|12.00|0.00|0.00|0.00|0.00|0.00|0.00|0.00|
|C170|3|PROD003|MATERIAL BRUTO C|9.98|UN|2899.71|5401|20|2878.64|12.00|345.44|0.00|0.00|0.00|0.00|0.00|0.00|
|C170|4|PROD004|PRODUTO ACABADO D|37.47|UN|29970.11|5401|90|29233.85|12.00|3508.06|0.00|0.00|0.00|0.00|0.00|0.00|
|C170|5|PROD003|MATERIAL BRUTO C|35.54|UN|9198.75|5401|41|0.00|12.00|0.00|0.00|0.00|0.00|0.00|0.00|0.00|
|C100|1|0|11223344000166|55|00|000000316|000|02032024|03032024|7965.12|2351.41|282.17|0.00|0.00|0.00|0.00|0.00|0.00|0.00|0|99900011000155|
|C170|1|PROD002|COMPONENTE ELETRICO B|24.00|UN|885.67|6101|00|820.76|12.00|98.49|0.00|0.00|0.00|0.00|0.00|0.00|
|C170|2|PROD002|COMPONENTE ELETRICO B|31.97|UN|2093.84|6101|40|0.00|12.00|0.00|0.00|0.00|0.00|0.00|0.00|0.00|
|C170|3|PROD005|INSUMO INDUSTRIAL E|34.98|UN|1365.58|6101|40|0.00|12.00|0.00|0.00|0.00|0.00|0.00|0.00|0.00|
|C170|4|PROD007|PARTE SOBRESSALENTE G|16.35|UN|1622.87|6101|90|1530.65|12.00|183.68|0.00|0.00|0.00|0.00|0.00|0.00|
|C170|5|PROD002|COMPONENTE ELETRICO B|24.46|UN|1997.16|6101|40|0.00|12.00|0.00|0.00|0.00|0.00|0.00|0.00|0.00|
|C100|1|0|11223344000166|55|00|000000317|000|17032024|20032024|81.75|81.36|9.76|0.00|0.00|0.00|0.00|0.00|0.00|0.00|0|33366699000100|
|C170|1|PROD005|INSUMO INDUSTRIAL E|3.62|UN|81.75|6101|00|81.36|12.00|9.76|0.00|0.00|0.00|0.00|0.00|0.00|
|C100|1|0|11223344000166|55|00|000000318|000|24032024|25032024|47322.24|0.00|0.00|0.00|0.00|0.00|0.00|0.00|0.00|0.00|0|99900011000155|
|C170|1|PROD008|CONJUNTO MONTADO H|42.61|UN|47322.24|5401|40|0.00|12.00|0.00|0.00|0.00|0.00|0.00|0.00|0.00|
|C100|1|0|11223344000166|55|00|000000319|000|06032024|06032024|54308.47|40325.41|4839.05|0.00|0.00|0.00|0.00|0.00|0.00|0.00|0|77788899000177|
|C170|1|PROD003|MATERIAL BRUTO C|41.98|UN|12366.59|5401|40|0.00|12.00|0.00|0.00|0.00|0.00|0.00|0.00|0.00|
|C170|2|PROD006|EMBALAGEM PADRAO F|21.68|UN|141.11|5401|10|140.08|12.00|16.81|0.00|0.00|0.00|0.00|0.00|0.00|
|C170|3|PROD004|PRODUTO ACABADO D|42.71|UN|41800.77|5401|00|40185.33|12.00|4822.24|0.00|0.00|0.00|0.00|0.00|0.00|
|C100|1|0|11223344000166|55|00|000000320|000|26032024|26032024|14255.79|12407.92|1488.95|0.00|0.00|0.00|0.00|0.00|0.00|0.00|0|55512312300010|
|C170|1|PROD004|PRODUTO ACABADO D|21.52|UN|14255.79|5401|00|12407.92|12.00|1488.95|0.00|0.00|0.00|0.00|0.00|0.00|
|C100|1|0|11223344000166|55|00|000000321|000|18032024|18032024|523.00|485.57|58.27|0.00|0.00|0.00|0.00|0.00|0.00|0.00|0|55512312300010|
|C170|1|PROD006|EMBALAGEM PADRAO F|48.34|UN|523.00|6102|00|485.57|12.00|58.27|0.00|0.00|0.00|0.00|0.00|0.00|
|C100|1|0|11223344000166|55|00|000000322|000|02032024|05032024|53772.88|47286.90|5674.43|0.00|0.00|0.00|0.00|0.00|0.00|0.00|0|99900011000155|
|C170|1|PROD005|INSUMO INDUSTRIAL E|29.31|UN|1180.02|6101|40|0.00|12.00|0.00|0.00|0.00|0.00|0.00|0.00|0.00|
|C170|2|PROD001|PECA MECANICA TIPO A|46.47|UN|2901.37|6101|30|0.00|12.00|0.00|0.00|0.00|0.00|0.00|0.00|0.00|
|C170|3|PROD001|PECA MECANICA TIPO A|6.92|UN|809.80|6101|00|702.60|12.00|84.31|0.00|0.00|0.00|0.00|0.00|0.00|
|C170|4|PROD004|PRODUTO ACABADO D|49.45|UN|46788.15|6101|00|44583.84|12.00|5350.06|0.00|0.00|0.00|0.00|0.00|0.00|
|C170|5|PROD002|COMPONENTE ELETRICO B|26.77|UN|2093.54|6101|20|2000.46|12.00|240.06|0.00|0.00|0.00|0.00|0.00|0.00|
|C100|1|0|11223344000166|55|00|000000323|000|19032024|20032024|9356.57|0.00|0.00|0.00|0.00|0.00|0.00|0.00|0.00|0.00|0|55512312300010|
|C170|1|PROD003|MATERIAL BRUTO C|22.52|UN|6530.28|5102|30|0.00|12.00|0.00|0.00|0.00|0.00|0.00|0.00|0.00|
|C170|2|PROD008|CONJUNTO MONTADO H|3.09|UN|2826.29|5102|40|0.00|12.00|0.00|0.00|0.00|0.00|0.00|0.00|0.00|
|C100|1|0|11223344000166|55|00|000000324|000|23032024|26032024|31830.81|28092.99|3371.16|0.00|0.00|0.00|0.00|0.00|0.00|0.00|0|22244466000133|
|C170|1|PROD001|PECA MECANICA TIPO A|44.35|UN|5017.43|5102|00|4483.65|12.00|538.04|0.00|0.00|0.00|0.00|0.00|0.00|
|C170|2|PROD004|PRODUTO ACABADO D|35.70|UN|26813.38|5102|00|23609.34|12.00|2833.12|0.00|0.00|0.00|0.00|0.00|0.00|
|C100|1|0|11223344000166|55|00|000000325|000|23032024|25032024|56159.00|190.38|22.85|0.00|0.00|0.00|0.00|0.00|0.00|0.00|0|99900011000155|
|C170|1|PROD004|PRODUTO ACABADO D|20.93|UN|15145.40|5401|70|0.00|12.00|0.00|0.00|0.00|0.00|0.00|0.00|0.00|
|C170|2|PROD006|EMBALAGEM PADRAO F|34.18|UN|199.26|5401|00|190.38|12.00|22.85|0.00|0.00|0.00|0.00|0.00|0.00|
|C170|3|PROD008|CONJUNTO MONTADO H|34.05|UN|40814.34|5401|70|0.00|12.00|0.00|0.00|0.00|0.00|0.00|0.00|0.00|
|C100|1|0|11223344000166|55|00|000000326|000|20032024|21032024|1060.24|657.90|78.95|0.00|0.00|0.00|0.00|0.00|0.00|0.00|0|99900011000155|
|C170|1|PROD006|EMBALAGEM PADRAO F|37.69|UN|393.88|5102|30|0.00|12.00|0.00|0.00|0.00|0.00|0.00|0.00|0.00|
|C170|2|PROD005|INSUMO INDUSTRIAL E|41.36|UN|666.36|5102|10|657.90|12.00|78.95|0.00|0.00|0.00|0.00|0.00|0.00|
|C100|1|0|11223344000166|55|00|000000327|000|15032024|15032024|5943.93|0.00|0.00|0.00|0.00|0.00|0.00|0.00|0.00|0.00|0|22244466000133|
|C170|1|PROD006|EMBALAGEM PADRAO F|26.35|UN|254.29|5401|41|0.00|12.00|0.00|0.00|0.00|0.00|0.00|0.00|0.00|
|C170|2|PROD002|COMPONENTE ELETRICO B|2.73|UN|176.95|5401|60|0.00|12.00|0.00|0.00|0.00|0.00|0.00|0.00|0.00|
|C170|3|PROD005|INSUMO INDUSTRIAL E|42.55|UN|1325.80|5401|41|0.00|12.00|0.00|0.00|0.00|0.00|0.00|0.00|0.00|
|C170|4|PROD003|MATERIAL BRUTO C|13.90|UN|4186.89|5401|40|0.00|12.00|0.00|0.00|0.00|0.00|0.00|0.00|0.00|
|C100|1|0|11223344000166|55|00|000000328|000|12032024|12032024|2454.47|2292.51|275.10|0.00|0.00|0.00|0.00|0.00|0.00|0.00|0|33366699000100|
|C170|1|PROD002|COMPONENTE ELETRICO B|18.56|UN|712.08|5401|10|668.64|12.00|80.24|0.00|0.00|0.00|0.00|0.00|0.00|
|C170|2|PROD006|EMBALAGEM PADRAO F|8.24|UN|90.59|5401|00|77.33|12.00|9.28|0.00|0.00|0.00|0.00|0.00|0.00|
|C170|3|PROD006|EMBALAGEM PADRAO F|39.16|UN|456.24|5401|10|433.25|12.00|51.99|0.00|0.00|0.00|0.00|0.00|0.00|
|C170|4|PROD002|COMPONENTE ELETRICO B|27.30|UN|1195.56|5401|10|1113.29|12.00|133.59|0.00|0.00|0.00|0.00|0.00|0.00|
|C100|1|0|11223344000166|55|00|000000329|000|03032024|06032024|6661.67|6272.29|752.68|0.00|0.00|0.00|0.00|0.00|0.00|0.00|0|77788899000177|
|C170|1|PROD005|INSUMO INDUSTRIAL E|37.98|UN|1209.50|5101|00|1029.60|12.00|123.55|0.00|0.00|0.00|0.00|0.00|0.00|
|C170|2|PROD007|PARTE SOBRESSALENTE G|44.40|UN|5194.36|5101|51|4987.73|12.00|598.53|0.00|0.00|0.00|0.00|0.00|0.00|
|C170|3|PROD006|EMBALAGEM PADRAO F|30.19|UN|257.81|5101|10|254.96|12.00|30.60|0.00|0.00|0.00|0.00|0.00|0.00|
|C100|1|0|11223344000166|55|00|000000330|000|08032024|09032024|31759.19|199.28|23.91|0.00|0.00|0.00|0.00|0.00|0.00|0.00|0|33366699000100|
|C170|1|PROD002|COMPONENTE ELETRICO B|26.08|UN|870.78|6102|40|0.00|12.00|0.00|0.00|0.00|0.00|0.00|0.00|0.00|
|C170|2|PROD007|PARTE SOBRESSALENTE G|23.50|UN|3053.06|6102|40|0.00|12.00|0.00|0.00|0.00|0.00|0.00|0.00|0.00|
|C170|3|PROD008|CONJUNTO MONTADO H|19.36|UN|21483.16|6102|40|0.00|12.00|0.00|0.00|0.00|0.00|0.00|0.00|0.00|
|C170|4|PROD003|MATERIAL BRUTO C|24.35|UN|6135.50|6102|41|0.00|12.00|0.00|0.00|0.00|0.00|0.00|0.00|0.00|
|C170|5|PROD006|EMBALAGEM PADRAO F|27.26|UN|216.69|6102|00|199.28|12.00|23.91|0.00|0.00|0.00|0.00|0.00|0.00|
|C100|1|0|11223344000166|55|00|000000331|000|23032024|25032024|102159.53|73574.50|8828.94|0.00|0.00|0.00|0.00|0.00|0.00|0.00|0|99900011000155|
|C170|1|PROD008|CONJUNTO MONTADO H|19.00|UN|17654.19|6102|40|0.00|12.00|0.00|0.00|0.00|0.00|0.00|0.00|0.00|
|C170|2|PROD008|CONJUNTO MONTADO H|42.68|UN|40225.14|6102|00|35206.43|12.00|4224.77|0.00|0.00|0.00|0.00|0.00|0.00|
|C170|3|PROD008|CONJUNTO MONTADO H|41.48|UN|44280.20|6102|10|38368.07|12.00|4604.17|0.00|0.00|0.00|0.00|0.00|0.00|
|C100|1|0|11223344000166|55|00|000000332|000|28032024|28032024|2699.41|0.00|0.00|0.00|0.00|0.00|0.00|0.00|0.00|0.00|0|22244466000133|
|C170|1|PROD001|PECA MECANICA TIPO A|36.34|UN|2699.41|5101|40|0.00|12.00|0.00|0.00|0.00|0.00|0.00|0.00|0.00|
|C100|1|0|11223344000166|55|00|000000333|000|24032024|26032024|30864.25|26794.64|3215.36|0.00|0.00|0.00|0.00|0.00|0.00|0.00|0|99900011000155|
|C170|1|PROD008|CONJUNTO MONTADO H|39.65|UN|30649.85|5102|00|26794.64|12.00|3215.36|0.00|0.00|0.00|0.00|0.00|0.00|
|C170|2|PROD006|EMBALAGEM PADRAO F|34.86|UN|214.40|5102|40|0.00|12.00|0.00|0.00|0.00|0.00|0.00|0.00|0.00|
|C100|1|0|11223344000166|55|00|000000334|000|20032024|21032024|9333.50|4439.84|532.78|0.00|0.00|0.00|0.00|0.00|0.00|0.00|0|99900011000155|
|C170|1|PROD001|PECA MECANICA TIPO A|14.58|UN|1434.82|5403|20|1221.11|12.00|146.53|0.00|0.00|0.00|0.00|0.00|0.00|
|C170|2|PROD003|MATERIAL BRUTO C|18.12|UN|4661.43|5403|40|0.00|12.00|0.00|0.00|0.00|0.00|0.00|0.00|0.00|
|C170|3|PROD003|MATERIAL BRUTO C|10.46|UN|3237.25|5403|10|3218.73|12.00|386.25|0.00|0.00|0.00|0.00|0.00|0.00|
|C100|1|0|11223344000166|55|00|000000335|000|16032024|19032024|43073.46|36098.36|4331.81|0.00|0.00|0.00|0.00|0.00|0.00|0.00|0|55512312300010|
|C170|1|PROD004|PRODUTO ACABADO D|48.82|UN|30635.60|6102|00|26051.96|12.00|3126.24|0.00|0.00|0.00|0.00|0.00|0.00|
|C170|2|PROD001|PECA MECANICA TIPO A|10.32|UN|781.89|6102|30|0.00|12.00|0.00|0.00|0.00|0.00|0.00|0.00|0.00|
|C170|3|PROD004|PRODUTO ACABADO D|19.64|UN|11655.97|6102|00|10046.40|12.00|1205.57|0.00|0.00|0.00|0.00|0.00|0.00|
|C100|1|0|11223344000166|55|00|000000336|000|23032024|26032024|80454.08|13011.85|1561.42|0.00|0.00|0.00|0.00|0.00|0.00|0.00|0|99900011000155|
|C170|1|PROD001|PECA MECANICA TIPO A|23.68|UN|2719.06|5101|20|2536.95|12.00|304.43|0.00|0.00|0.00|0.00|0.00|0.00|
|C170|2|PROD008|CONJUNTO MONTADO H|11.53|UN|11875.65|5101|20|10474.90|12.00|1256.99|0.00|0.00|0.00|0.00|0.00|0.00|
|C170|3|PROD008|CONJUNTO MONTADO H|48.64|UN|60692.38|5101|41|0.00|12.00|0.00|0.00|0.00|0.00|0.00|0.00|0.00|
|C170|4|PROD006|EMBALAGEM PADRAO F|32.02|UN|268.29|5101|40|0.00|12.00|0.00|0.00|0.00|0.00|0.00|0.00|0.00|
|C170|5|PROD004|PRODUTO ACABADO D|5.33|UN|4898.70|5101|60|0.00|12.00|0.00|0.00|0.00|0.00|0.00|0.00|0.00|
|C100|1|0|11223344000166|55|00|000000337|000|14032024|14032024|31928.40|8786.27|1054.35|0.00|0.00|0.00|0.00|0.00|0.00|0.00|0|77788899000177|
|C170|1|PROD004|PRODUTO ACABADO D|9.76|UN|8478.62|5101|00|7893.27|12.00|947.19|0.00|0.00|0.00|0.00|0.00|0.00|
|C170|2|PROD006|EMBALAGEM PADRAO F|20.60|UN|108.35|5101|00|93.90|12.00|11.27|0.00|0.00|0.00|0.00|0.00|0.00|
|C170|3|PROD007|PARTE SOBRESSALENTE G|8.44|UN|877.53|5101|90|799.10|12.00|95.89|0.00|0.00|0.00|0.00|0.00|0.00|
|C170|4|PROD002|COMPONENTE ELETRICO B|14.94|UN|670.96|5101|40|0.00|12.00|0.00|0.00|0.00|0.00|0.00|0.00|0.00|
|C170|5|PROD004|PRODUTO ACABADO D|31.31|UN|21792.94|5101|30|0.00|12.00|0.00|0.00|0.00|0.00|0.00|0.00|0.00|
|C100|1|0|11223344000166|55|00|000000338|000|09032024|10032024|25356.23|22665.41|2719.85|0.00|0.00|0.00|0.00|0.00|0.00|0.00|0|77788899000177|
|C170|1|PROD006|EMBALAGEM PADRAO F|31.80|UN|345.35|5102|40|0.00|12.00|0.00|0.00|0.00|0.00|0.00|0.00|0.00|
|C170|2|PROD004|PRODUTO ACABADO D|34.45|UN|25010.88|5102|00|22665.41|12.00|2719.85|0.00|0.00|0.00|0.00|0.00|0.00|
|C100|1|0|11223344000166|55|00|000000339|000|25032024|26032024|43948.04|6627.72|795.33|0.00|0.00|0.00|0.00|0.00|0.00|0.00|0|55512312300010|
|C170|1|PROD004|PRODUTO ACABADO D|48.61|UN|36504.17|5101|41|0.00|12.00|0.00|0.00|0.00|0.00|0.00|0.00|0.00|
|C170|2|PROD008|CONJUNTO MONTADO H|5.18|UN|7177.60|5101|20|6627.72|12.00|795.33|0.00|0.00|0.00|0.00|0.00|0.00|
|C170|3|PROD006|EMBALAGEM PADRAO F|26.21|UN|266.27|5101|41|0.00|12.00|0.00|0.00|0.00|0.00|0.00|0.00|0.00|
|C100|1|0|11223344000166|55|00|000000340|000|10032024|13032024|74178.06|29459.51|3535.14|0.00|0.00|0.00|0.00|0.00|0.00|0.00|0|99900011000155|
|C170|1|PROD007|PARTE SOBRESSALENTE G|43.96|UN|5147.28|5101|10|4565.38|12.00|547.85|0.00|0.00|0.00|0.00|0.00|0.00|
|C170|2|PROD008|CONJUNTO MONTADO H|41.03|UN|40911.72|5101|40|0.00|12.00|0.00|0.00|0.00|0.00|0.00|0.00|0.00|
|C170|3|PROD003|MATERIAL BRUTO C|40.35|UN|12215.46|5101|10|10393.04|12.00|1247.16|0.00|0.00|0.00|0.00|0.00|0.00|
|C170|4|PROD005|INSUMO INDUSTRIAL E|17.70|UN|546.01|5101|00|480.62|12.00|57.67|0.00|0.00|0.00|0.00|0.00|0.00|
|C170|5|PROD003|MATERIAL BRUTO C|49.47|UN|15357.59|5101|10|14020.47|12.00|1682.46|0.00|0.00|0.00|0.00|0.00|0.00|
|C100|1|0|11223344000166|55|00|000000341|000|04032024|05032024|29766.20|0.00|0.00|0.00|0.00|0.00|0.00|0.00|0.00|0.00|0|99900011000155|
|C170|1|PROD004|PRODUTO ACABADO D|48.93|UN|29766.20|6102|40|0.00|12.00|0.00|0.00|0.00|0.00|0.00|0.00|0.00|
|C100|1|0|11223344000166|55|00|000000342|000|20032024|21032024|10522.66|7327.87|879.35|0.00|0.00|0.00|0.00|0.00|0.00|0.00|0|77788899000177|
|C170|1|PROD001|PECA MECANICA TIPO A|44.85|UN|4173.93|6101|20|3576.15|12.00|429.14|0.00|0.00|0.00|0.00|0.00|0.00|
|C170|2|PROD003|MATERIAL BRUTO C|20.16|UN|4294.09|6101|00|3751.72|12.00|450.21|0.00|0.00|0.00|0.00|0.00|0.00|
|C170|3|PROD001|PECA MECANICA TIPO A|18.89|UN|2054.64|6101|40|0.00|12.00|0.00|0.00|0.00|0.00|0.00|0.00|0.00|
|C100|1|0|11223344000166|55|00|000000343|000|24032024|27032024|7099.27|6534.05|784.09|0.00|0.00|0.00|0.00|0.00|0.00|0.00|0|99900011000155|
|C170|1|PROD007|PARTE SOBRESSALENTE G|45.73|UN|7099.27|5102|00|6534.05|12.00|784.09|0.00|0.00|0.00|0.00|0.00|0.00|
|C100|1|0|11223344000166|55|00|000000344|000|03032024|04032024|48186.24|93.61|11.23|0.00|0.00|0.00|0.00|0.00|0.00|0.00|0|99900011000155|
|C170|1|PROD005|INSUMO INDUSTRIAL E|5.60|UN|100.63|6102|00|93.61|12.00|11.23|0.00|0.00|0.00|0.00|0.00|0.00|
|C170|2|PROD008|CONJUNTO MONTADO H|34.99|UN|48085.61|6102|41|0.00|12.00|0.00|0.00|0.00|0.00|0.00|0.00|0.00|
|C100|1|0|11223344000166|55|00|000000345|000|18032024|20032024|28264.15|0.00|0.00|0.00|0.00|0.00|0.00|0.00|0.00|0.00|0|99900011000155|
|C170|1|PROD006|EMBALAGEM PADRAO F|14.71|UN|111.32|5101|40|0.00|12.00|0.00|0.00|0.00|0.00|0.00|0.00|0.00|
|C170|2|PROD005|INSUMO INDUSTRIAL E|44.64|UN|1133.01|5101|40|0.00|12.00|0.00|0.00|0.00|0.00|0.00|0.00|0.00|
|C170|3|PROD004|PRODUTO ACABADO D|27.89|UN|27019.82|5101|40|0.00|12.00|0.00|0.00|0.00|0.00|0.00|0.00|0.00|
|C100|1|0|11223344000166|55|00|000000346|000|30032024|31032024|530.52|0.00|0.00|0.00|0.00|0.00|0.00|0.00|0.00|0.00|0|99900011000155|
|C170|1|PROD005|INSUMO INDUSTRIAL E|26.69|UN|530.52|6102|41|0.00|12.00|0.00|0.00|0.00|0.00|0.00|0.00|0.00|
|C100|1|0|11223344000166|55|00|000000347|000|26032024|28032024|25116.82|0.00|0.00|0.00|0.00|0.00|0.00|0.00|0.00|0.00|0|33366699000100|
|C170|1|PROD006|EMBALAGEM PADRAO F|12.60|UN|66.91|5101|70|0.00|12.00|0.00|0.00|0.00|0.00|0.00|0.00|0.00|
|C170|2|PROD004|PRODUTO ACABADO D|41.78|UN|25049.91|5101|40|0.00|12.00|0.00|0.00|0.00|0.00|0.00|0.00|0.00|
|C100|1|0|11223344000166|55|00|000000348|000|18032024|20032024|4533.89|3041.96|365.04|0.00|0.00|0.00|0.00|0.00|0.00|0.00|0|99900011000155|
|C170|1|PROD001|PECA MECANICA TIPO A|9.66|UN|1140.07|5403|50|0.00|12.00|0.00|0.00|0.00|0.00|0.00|0.00|0.00|
|C170|2|PROD007|PARTE SOBRESSALENTE G|25.22|UN|3313.80|5403|51|2970.81|12.00|356.50|0.00|0.00|0.00|0.00|0.00|0.00|
|C170|3|PROD006|EMBALAGEM PADRAO F|8.00|UN|80.02|5403|00|71.15|12.00|8.54|0.00|0.00|0.00|0.00|0.00|0.00|
|C100|1|0|11223344000166|55|00|000000349|000|27032024|27032024|28105.58|4634.42|556.13|0.00|0.00|0.00|0.00|0.00|0.00|0.00|0|55512312300010|
|C170|1|PROD007|PARTE SOBRESSALENTE G|41.78|UN|3473.34|6102|90|3278.72|12.00|393.45|0.00|0.00|0.00|0.00|0.00|0.00|
|C170|2|PROD001|PECA MECANICA TIPO A|21.53|UN|1410.60|6102|00|1355.70|12.00|162.68|0.00|0.00|0.00|0.00|0.00|0.00|
|C170|3|PROD004|PRODUTO ACABADO D|31.95|UN|23221.64|6102|40|0.00|12.00|0.00|0.00|0.00|0.00|0.00|0.00|0.00|
|C100|1|0|11223344000166|55|00|000000350|000|31032024|03042024|15524.40|13610.22|1633.22|0.00|0.00|0.00|0.00|0.00|0.00|0.00|0|22244466000133|
|C170|1|PROD003|MATERIAL BRUTO C|43.09|UN|13801.60|6102|00|13109.04|12.00|1573.08|0.00|0.00|0.00|0.00|0.00|0.00|
|C170|2|PROD002|COMPONENTE ELETRICO B|25.48|UN|1197.81|6102|60|0.00|12.00|0.00|0.00|0.00|0.00|0.00|0.00|0.00|
|C170|3|PROD002|COMPONENTE ELETRICO B|8.30|UN|524.99|6102|00|501.18|12.00|60.14|0.00|0.00|0.00|0.00|0.00|0.00|
|C100|1|0|11223344000166|55|00|000000351|000|19032024|19032024|47870.53|11875.07|1425.00|0.00|0.00|0.00|0.00|0.00|0.00|0.00|0|33366699000100|
|C170|1|PROD003|MATERIAL BRUTO C|45.22|UN|10476.33|5403|20|10023.45|12.00|1202.81|0.00|0.00|0.00|0.00|0.00|0.00|
|C170|2|PROD001|PECA MECANICA TIPO A|36.30|UN|2113.69|5403|10|1851.62|12.00|222.19|0.00|0.00|0.00|0.00|0.00|0.00|
|C170|3|PROD008|CONJUNTO MONTADO H|28.55|UN|23608.45|5403|40|0.00|12.00|0.00|0.00|0.00|0.00|0.00|0.00|0.00|
|C170|4|PROD008|CONJUNTO MONTADO H|13.03|UN|10600.94|5403|50|0.00|12.00|0.00|0.00|0.00|0.00|0.00|0.00|0.00|
|C170|5|PROD002|COMPONENTE ELETRICO B|30.39|UN|1071.12|5403|40|0.00|12.00|0.00|0.00|0.00|0.00|0.00|0.00|0.00|
|C100|1|0|11223344000166|55|00|000000352|000|15032024|17032024|3492.93|747.16|89.66|0.00|0.00|0.00|0.00|0.00|0.00|0.00|0|55512312300010|
|C170|1|PROD007|PARTE SOBRESSALENTE G|6.30|UN|845.04|5401|00|747.16|12.00|89.66|0.00|0.00|0.00|0.00|0.00|0.00|
|C170|2|PROD002|COMPONENTE ELETRICO B|2.88|UN|92.70|5401|40|0.00|12.00|0.00|0.00|0.00|0.00|0.00|0.00|0.00|
|C170|3|PROD001|PECA MECANICA TIPO A|28.04|UN|2555.19|5401|40|0.00|12.00|0.00|0.00|0.00|0.00|0.00|0.00|0.00|
|C100|1|0|11223344000166|55|00|000000353|000|04032024|06032024|10236.91|0.00|0.00|0.00|0.00|0.00|0.00|0.00|0.00|0.00|0|55512312300010|
|C170|1|PROD003|MATERIAL BRUTO C|36.35|UN|8017.78|5401|40|0.00|12.00|0.00|0.00|0.00|0.00|0.00|0.00|0.00|
|C170|2|PROD007|PARTE SOBRESSALENTE G|14.30|UN|2219.13|5401|40|0.00|12.00|0.00|0.00|0.00|0.00|0.00|0.00|0.00|
|C100|1|0|11223344000166|55|00|000000354|000|07032024|09032024|57869.59|36437.34|4372.48|0.00|0.00|0.00|0.00|0.00|0.00|0.00|0|55512312300010|
|C170|1|PROD004|PRODUTO ACABADO D|23.54|UN|16691.98|5401|40|0.00|12.00|0.00|0.00|0.00|0.00|0.00|0.00|0.00|
|C170|2|PROD005|INSUMO INDUSTRIAL E|6.93|UN|257.86|5401|40|0.00|12.00|0.00|0.00|0.00|0.00|0.00|0.00|0.00|
|C170|3|PROD004|PRODUTO ACABADO D|42.16|UN|36891.65|5401|90|32988.04|12.00|3958.56|0.00|0.00|0.00|0.00|0.00|0.00|
|C170|4|PROD007|PARTE SOBRESSALENTE G|31.93|UN|4028.10|5401|00|3449.30|12.00|413.92|0.00|0.00|0.00|0.00|0.00|0.00|
|C100|1|0|11223344000166|55|00|000000355|000|16032024|17032024|1687.36|1441.77|173.01|0.00|0.00|0.00|0.00|0.00|0.00|0.00|0|77788899000177|
|C170|1|PROD005|INSUMO INDUSTRIAL E|46.88|UN|1687.36|5401|20|1441.77|12.00|173.01|0.00|0.00|0.00|0.00|0.00|0.00|
|C100|1|0|11223344000166|55|00|000000356|000|18032024|21032024|7711.52|7624.92|914.99|0.00|0.00|0.00|0.00|0.00|0.00|0.00|0|99900011000155|
|C170|1|PROD005|INSUMO INDUSTRIAL E|18.13|UN|573.69|5102|90|518.10|12.00|62.17|0.00|0.00|0.00|0.00|0.00|0.00|
|C170|2|PROD004|PRODUTO ACABADO D|9.85|UN|7137.83|5102|20|7106.82|12.00|852.82|0.00|0.00|0.00|0.00|0.00|0.00|
|C100|1|0|11223344000166|55|00|000000357|000|18032024|19032024|444.92|391.78|47.01|0.00|0.00|0.00|0.00|0.00|0.00|0.00|0|22244466000133|
|C170|1|PROD006|EMBALAGEM PADRAO F|43.58|UN|444.92|5102|20|391.78|12.00|47.01|0.00|0.00|0.00|0.00|0.00|0.00|
|C100|1|0|11223344000166|55|00|000000358|000|05032024|08032024|9200.16|4677.05|561.24|0.00|0.00|0.00|0.00|0.00|0.00|0.00|0|22244466000133|
|C170|1|PROD006|EMBALAGEM PADRAO F|15.16|UN|82.61|5401|10|74.79|12.00|8.97|0.00|0.00|0.00|0.00|0.00|0.00|
|C170|2|PROD002|COMPONENTE ELETRICO B|41.31|UN|2628.68|5401|10|2419.23|12.00|290.31|0.00|0.00|0.00|0.00|0.00|0.00|
|C170|3|PROD002|COMPONENTE ELETRICO B|34.27|UN|2467.30|5401|00|2183.03|12.00|261.96|0.00|0.00|0.00|0.00|0.00|0.00|
|C170|4|PROD001|PECA MECANICA TIPO A|34.86|UN|4021.57|5401|60|0.00|12.00|0.00|0.00|0.00|0.00|0.00|0.00|0.00|
|C100|1|0|11223344000166|55|00|000000359|000|06032024|06032024|3820.79|0.00|0.00|0.00|0.00|0.00|0.00|0.00|0.00|0.00|0|55512312300010|
|C170|1|PROD001|PECA MECANICA TIPO A|31.21|UN|2701.66|5401|40|0.00|12.00|0.00|0.00|0.00|0.00|0.00|0.00|0.00|
|C170|2|PROD002|COMPONENTE ELETRICO B|26.59|UN|1119.13|5401|50|0.00|12.00|0.00|0.00|0.00|0.00|0.00|0.00|0.00|
|C100|1|0|11223344000166|55|00|000000360|000|05032024|07032024|34565.90|7166.45|859.98|0.00|0.00|0.00|0.00|0.00|0.00|0.00|0|77788899000177|
|C170|1|PROD002|COMPONENTE ELETRICO B|3.79|UN|205.35|5102|00|179.02|12.00|21.48|0.00|0.00|0.00|0.00|0.00|0.00|
|C170|2|PROD008|CONJUNTO MONTADO H|36.78|UN|26538.95|5102|41|0.00|12.00|0.00|0.00|0.00|0.00|0.00|0.00|0.00|
|C170|3|PROD003|MATERIAL BRUTO C|11.49|UN|2318.37|5102|00|2313.63|12.00|277.64|0.00|0.00|0.00|0.00|0.00|0.00|
|C170|4|PROD007|PARTE SOBRESSALENTE G|48.77|UN|4779.07|5102|00|4673.80|12.00|560.86|0.00|0.00|0.00|0.00|0.00|0.00|
|C170|5|PROD005|INSUMO INDUSTRIAL E|32.34|UN|724.16|5102|60|0.00|12.00|0.00|0.00|0.00|0.00|0.00|0.00|0.00|
|C100|1|0|11223344000166|55|00|000000361|000|02032024|04032024|12795.90|11562.84|1387.54|0.00|0.00|0.00|0.00|0.00|0.00|0.00|0|33366699000100|
|C170|1|PROD006|EMBALAGEM PADRAO F|14.79|UN|130.29|5101|20|117.74|12.00|14.13|0.00|0.00|0.00|0.00|0.00|0.00|
|C170|2|PROD004|PRODUTO ACABADO D|13.49|UN|12665.61|5101|00|11445.10|12.00|1373.41|0.00|0.00|0.00|0.00|0.00|0.00|
|C100|1|0|11223344000166|55|00|000000362|000|28032024|30032024|6547.68|1414.29|169.72|0.00|0.00|0.00|0.00|0.00|0.00|0.00|0|77788899000177|
|C170|1|PROD006|EMBALAGEM PADRAO F|28.91|UN|286.80|5102|41|0.00|12.00|0.00|0.00|0.00|0.00|0.00|0.00|0.00|
|C170|2|PROD003|MATERIAL BRUTO C|10.65|UN|3682.21|5102|40|0.00|12.00|0.00|0.00|0.00|0.00|0.00|0.00|0.00|
|C170|3|PROD005|INSUMO INDUSTRIAL E|44.61|UN|1090.29|5102|60|0.00|12.00|0.00|0.00|0.00|0.00|0.00|0.00|0.00|
|C170|4|PROD001|PECA MECANICA TIPO A|9.21|UN|1021.55|5102|00|988.40|12.00|118.61|0.00|0.00|0.00|0.00|0.00|0.00|
|C170|5|PROD005|INSUMO INDUSTRIAL E|12.93|UN|466.83|5102|00|425.89|12.00|51.11|0.00|0.00|0.00|0.00|0.00|0.00|
|C100|1|0|11223344000166|55|00|000000363|000|31032024|03042024|37165.21|23.03|2.76|0.00|0.00|0.00|0.00|0.00|0.00|0.00|0|55512312300010|
|C170|1|PROD006|EMBALAGEM PADRAO F|3.08|UN|26.68|5102|00|23.03|12.00|2.76|0.00|0.00|0.00|0.00|0.00|0.00|
|C170|2|PROD003|MATERIAL BRUTO C|4.13|UN|1233.20|5102|41|0.00|12.00|0.00|0.00|0.00|0.00|0.00|0.00|0.00|
|C170|3|PROD004|PRODUTO ACABADO D|48.52|UN|35585.79|5102|50|0.00|12.00|0.00|0.00|0.00|0.00|0.00|0.00|0.00|
|C170|4|PROD005|INSUMO INDUSTRIAL E|16.05|UN|319.54|5102|41|0.00|12.00|0.00|0.00|0.00|0.00|0.00|0.00|0.00|
|C100|1|0|11223344000166|55|00|000000364|000|09032024|10032024|4204.40|4115.23|493.83|0.00|0.00|0.00|0.00|0.00|0.00|0.00|0|22244466000133|
|C170|1|PROD007|PARTE SOBRESSALENTE G|34.73|UN|4204.40|5101|00|4115.23|12.00|493.83|0.00|0.00|0.00|0.00|0.00|0.00|
|C100|1|0|11223344000166|55|00|000000365|000|29032024|31032024|35957.43|2749.15|329.90|0.00|0.00|0.00|0.00|0.00|0.00|0.00|0|33366699000100|
|C170|1|PROD006|EMBALAGEM PADRAO F|23.66|UN|268.30|5102|20|229.80|12.00|27.58|0.00|0.00|0.00|0.00|0.00|0.00|
|C170|2|PROD001|PECA MECANICA TIPO A|11.91|UN|1190.68|5102|10|1090.93|12.00|130.91|0.00|0.00|0.00|0.00|0.00|0.00|
|C170|3|PROD008|CONJUNTO MONTADO H|33.11|UN|32825.91|5102|41|0.00|12.00|0.00|0.00|0.00|0.00|0.00|0.00|0.00|
|C170|4|PROD007|PARTE SOBRESSALENTE G|11.53|UN|1672.54|5102|51|1428.42|12.00|171.41|0.00|0.00|0.00|0.00|0.00|0.00|
|C100|1|0|11223344000166|55|00|000000366|000|12032024|12032024|4548.07|2471.04|296.52|0.00|0.00|0.00|0.00|0.00|0.00|0.00|0|77788899000177|
|C170|1|PROD006|EMBALAGEM PADRAO F|23.41|UN|171.16|5403|51|148.03|12.00|17.76|0.00|0.00|0.00|0.00|0.00|0.00|
|C170|2|PROD001|PECA MECANICA TIPO A|16.71|UN|1221.86|5403|51|1118.18|12.00|134.18|0.00|0.00|0.00|0.00|0.00|0.00|
|C170|3|PROD002|COMPONENTE ELETRICO B|48.08|UN|1911.66|5403|70|0.00|12.00|0.00|0.00|0.00|0.00|0.00|0.00|0.00|
|C170|4|PROD001|PECA MECANICA TIPO A|20.99|UN|1243.39|5403|00|1204.83|12.00|144.58|0.00|0.00|0.00|0.00|0.00|0.00|
|C100|1|0|11223344000166|55|00|000000367|000|17032024|20032024|9076.87|3333.21|399.99|0.00|0.00|0.00|0.00|0.00|0.00|0.00|0|99900011000155|
|C170|1|PROD004|PRODUTO ACABADO D|5.16|UN|2847.92|5401|40|0.00|12.00|0.00|0.00|0.00|0.00|0.00|0.00|0.00|
|C170|2|PROD002|COMPONENTE ELETRICO B|35.32|UN|2428.88|5401|41|0.00|12.00|0.00|0.00|0.00|0.00|0.00|0.00|0.00|
|C170|3|PROD002|COMPONENTE ELETRICO B|48.01|UN|3800.07|5401|90|3333.21|12.00|399.99|0.00|0.00|0.00|0.00|0.00|0.00|
|C100|1|0|11223344000166|55|00|000000368|000|14032024|14032024|21561.75|10903.67|1308.44|0.00|0.00|0.00|0.00|0.00|0.00|0.00|0|77788899000177|
|C170|1|PROD001|PECA MECANICA TIPO A|19.61|UN|2132.00|5102|20|1836.00|12.00|220.32|0.00|0.00|0.00|0.00|0.00|0.00|
|C170|2|PROD007|PARTE SOBRESSALENTE G|43.68|UN|6498.56|5102|40|0.00|12.00|0.00|0.00|0.00|0.00|0.00|0.00|0.00|
|C170|3|PROD003|MATERIAL BRUTO C|12.88|UN|2960.36|5102|40|0.00|12.00|0.00|0.00|0.00|0.00|0.00|0.00|0.00|
|C170|4|PROD004|PRODUTO ACABADO D|8.92|UN|8514.95|5102|20|7745.87|12.00|929.50|0.00|0.00|0.00|0.00|0.00|0.00|
|C170|5|PROD007|PARTE SOBRESSALENTE G|9.84|UN|1455.88|5102|00|1321.80|12.00|158.62|0.00|0.00|0.00|0.00|0.00|0.00|
|C100|1|0|11223344000166|55|00|000000369|000|14032024|15032024|17957.39|16592.07|1991.05|0.00|0.00|0.00|0.00|0.00|0.00|0.00|0|33366699000100|
|C170|1|PROD005|INSUMO INDUSTRIAL E|49.72|UN|838.84|6101|30|0.00|12.00|0.00|0.00|0.00|0.00|0.00|0.00|0.00|
|C170|2|PROD006|EMBALAGEM PADRAO F|8.39|UN|43.53|6101|00|42.90|12.00|5.15|0.00|0.00|0.00|0.00|0.00|0.00|
|C170|3|PROD008|CONJUNTO MONTADO H|12.54|UN|17075.02|6101|20|16549.17|12.00|1985.90|0.00|0.00|0.00|0.00|0.00|0.00|
|C100|1|0|11223344000166|55|00|000000370|000|02032024|03032024|45840.42|0.00|0.00|0.00|0.00|0.00|0.00|0.00|0.00|0.00|0|99900011000155|
|C170|1|PROD002|COMPONENTE ELETRICO B|30.92|UN|2269.07|5403|41|0.00|12.00|0.00|0.00|0.00|0.00|0.00|0.00|0.00|
|C170|2|PROD004|PRODUTO ACABADO D|46.78|UN|43571.35|5403|41|0.00|12.00|0.00|0.00|0.00|0.00|0.00|0.00|0.00|
|C100|1|0|11223344000166|55|00|000000371|000|03032024|05032024|41825.68|28416.54|3409.99|0.00|0.00|0.00|0.00|0.00|0.00|0.00|0|77788899000177|
|C170|1|PROD006|EMBALAGEM PADRAO F|20.81|UN|153.61|6101|60|0.00|12.00|0.00|0.00|0.00|0.00|0.00|0.00|0.00|
|C170|2|PROD004|PRODUTO ACABADO D|35.31|UN|28757.85|6101|10|25717.64|12.00|3086.12|0.00|0.00|0.00|0.00|0.00|0.00|
|C170|3|PROD004|PRODUTO ACABADO D|16.19|UN|9826.20|6101|50|0.00|12.00|0.00|0.00|0.00|0.00|0.00|0.00|0.00|
|C170|4|PROD006|EMBALAGEM PADRAO F|35.18|UN|213.89|6101|60|0.00|12.00|0.00|0.00|0.00|0.00|0.00|0.00|0.00|
|C170|5|PROD003|MATERIAL BRUTO C|13.34|UN|2874.13|6101|00|2698.90|12.00|323.87|0.00|0.00|0.00|0.00|0.00|0.00|
|C100|1|0|11223344000166|55|00|000000372|000|20032024|20032024|35659.64|29446.84|3533.62|0.00|0.00|0.00|0.00|0.00|0.00|0.00|0|99900011000155|
|C170|1|PROD006|EMBALAGEM PADRAO F|21.50|UN|239.70|5101|00|236.25|12.00|28.35|0.00|0.00|0.00|0.00|0.00|0.00|
|C170|2|PROD006|EMBALAGEM PADRAO F|24.97|UN|230.51|5101|00|214.59|12.00|25.75|0.00|0.00|0.00|0.00|0.00|0.00|
|C170|3|PROD007|PARTE SOBRESSALENTE G|37.70|UN|3117.38|5101|20|3060.46|12.00|367.26|0.00|0.00|0.00|0.00|0.00|0.00|
|C170|4|PROD008|CONJUNTO MONTADO H|33.32|UN|27982.32|5101|00|25935.54|12.00|3112.26|0.00|0.00|0.00|0.00|0.00|0.00|
|C170|5|PROD008|CONJUNTO MONTADO H|4.98|UN|4089.73|5101|70|0.00|12.00|0.00|0.00|0.00|0.00|0.00|0.00|0.00|
|C100|1|0|11223344000166|55|00|000000373|000|21032024|23032024|4794.29|1360.80|163.30|0.00|0.00|0.00|0.00|0.00|0.00|0.00|0|99900011000155|
|C170|1|PROD005|INSUMO INDUSTRIAL E|37.34|UN|1465.34|6102|00|1360.80|12.00|163.30|0.00|0.00|0.00|0.00|0.00|0.00|
|C170|2|PROD001|PECA MECANICA TIPO A|1.68|UN|105.16|6102|70|0.00|12.00|0.00|0.00|0.00|0.00|0.00|0.00|0.00|
|C170|3|PROD001|PECA MECANICA TIPO A|28.60|UN|3223.79|6102|40|0.00|12.00|0.00|0.00|0.00|0.00|0.00|0.00|0.00|
|C100|1|0|11223344000166|55|00|000000374|000|13032024|14032024|1728.83|0.00|0.00|0.00|0.00|0.00|0.00|0.00|0.00|0.00|0|33366699000100|
|C170|1|PROD002|COMPONENTE ELETRICO B|22.85|UN|1728.83|5102|41|0.00|12.00|0.00|0.00|0.00|0.00|0.00|0.00|0.00|
|C100|1|0|11223344000166|55|00|000000375|000|19032024|20032024|2965.08|426.68|51.20|0.00|0.00|0.00|0.00|0.00|0.00|0.00|0|33366699000100|
|C170|1|PROD001|PECA MECANICA TIPO A|8.79|UN|484.20|5403|00|426.68|12.00|51.20|0.00|0.00|0.00|0.00|0.00|0.00|
|C170|2|PROD002|COMPONENTE ELETRICO B|30.78|UN|2063.97|5403|50|0.00|12.00|0.00|0.00|0.00|0.00|0.00|0.00|0.00|
|C170|3|PROD007|PARTE SOBRESSALENTE G|3.07|UN|416.91|5403|41|0.00|12.00|0.00|0.00|0.00|0.00|0.00|0.00|0.00|
|C100|1|0|11223344000166|55|00|000000376|000|09032024|09032024|30429.41|25271.08|3032.53|0.00|0.00|0.00|0.00|0.00|0.00|0.00|0|99900011000155|
|C170|1|PROD001|PECA MECANICA TIPO A|18.94|UN|2030.43|5101|90|1796.92|12.00|215.63|0.00|0.00|0.00|0.00|0.00|0.00|
|C170|2|PROD004|PRODUTO ACABADO D|30.55|UN|27410.40|5101|00|23474.16|12.00|2816.90|0.00|0.00|0.00|0.00|0.00|0.00|
|C170|3|PROD005|INSUMO INDUSTRIAL E|49.13|UN|988.58|5101|41|0.00|12.00|0.00|0.00|0.00|0.00|0.00|0.00|0.00|
|C100|1|0|11223344000166|55|00|000000377|000|07032024|09032024|826.16|203.25|24.39|0.00|0.00|0.00|0.00|0.00|0.00|0.00|0|55512312300010|
|C170|1|PROD005|INSUMO INDUSTRIAL E|35.37|UN|620.67|5102|40|0.00|12.00|0.00|0.00|0.00|0.00|0.00|0.00|0.00|
|C170|2|PROD005|INSUMO INDUSTRIAL E|9.01|UN|205.49|5102|00|203.25|12.00|24.39|0.00|0.00|0.00|0.00|0.00|0.00|
|C100|1|0|11223344000166|55|00|000000378|000|11032024|11032024|24896.02|14707.43|1764.89|0.00|0.00|0.00|0.00|0.00|0.00|0.00|0|22244466000133|
|C170|1|PROD003|MATERIAL BRUTO C|38.58|UN|12081.49|6102|10|11344.23|12.00|1361.31|0.00|0.00|0.00|0.00|0.00|0.00|
|C170|2|PROD005|INSUMO INDUSTRIAL E|35.98|UN|747.62|6102|00|730.94|12.00|87.71|0.00|0.00|0.00|0.00|0.00|0.00|
|C170|3|PROD004|PRODUTO ACABADO D|14.71|UN|9085.16|6102|40|0.00|12.00|0.00|0.00|0.00|0.00|0.00|0.00|0.00|
|C170|4|PROD006|EMBALAGEM PADRAO F|24.42|UN|164.12|6102|20|151.31|12.00|18.16|0.00|0.00|0.00|0.00|0.00|0.00|
|C170|5|PROD007|PARTE SOBRESSALENTE G|21.53|UN|2817.63|6102|00|2480.95|12.00|297.71|0.00|0.00|0.00|0.00|0.00|0.00|
|C100|1|0|11223344000166|55|00|000000379|000|27032024|30032024|2416.68|2094.65|251.36|0.00|0.00|0.00|0.00|0.00|0.00|0.00|0|77788899000177|
|C170|1|PROD007|PARTE SOBRESSALENTE G|6.78|UN|591.49|5101|00|572.17|12.00|68.66|0.00|0.00|0.00|0.00|0.00|0.00|
|C170|2|PROD002|COMPONENTE ELETRICO B|36.23|UN|1626.41|5101|00|1522.48|12.00|182.70|0.00|0.00|0.00|0.00|0.00|0.00|
|C170|3|PROD006|EMBALAGEM PADRAO F|38.37|UN|198.78|5101|70|0.00|12.00|0.00|0.00|0.00|0.00|0.00|0.00|0.00|
|C100|1|0|11223344000166|55|00|000000380|000|07032024|08032024|11358.51|11016.39|1321.97|0.00|0.00|0.00|0.00|0.00|0.00|0.00|0|33366699000100|
|C170|1|PROD003|MATERIAL BRUTO C|40.51|UN|9969.50|5403|00|9722.40|12.00|1166.69|0.00|0.00|0.00|0.00|0.00|0.00|
|C170|2|PROD001|PECA MECANICA TIPO A|22.63|UN|1389.01|5403|20|1293.99|12.00|155.28|0.00|0.00|0.00|0.00|0.00|0.00|
|C100|1|0|11223344000166|55|00|000000381|000|22032024|22032024|10183.87|6486.56|778.39|0.00|0.00|0.00|0.00|0.00|0.00|0.00|0|22244466000133|
|C170|1|PROD003|MATERIAL BRUTO C|13.38|UN|3129.68|6102|20|2980.24|12.00|357.63|0.00|0.00|0.00|0.00|0.00|0.00|
|C170|2|PROD001|PECA MECANICA TIPO A|33.88|UN|3608.68|6102|20|3343.11|12.00|401.17|0.00|0.00|0.00|0.00|0.00|0.00|
|C170|3|PROD006|EMBALAGEM PADRAO F|16.01|UN|190.53|6102|10|163.21|12.00|19.59|0.00|0.00|0.00|0.00|0.00|0.00|
|C170|4|PROD007|PARTE SOBRESSALENTE G|28.40|UN|3254.98|6102|40|0.00|12.00|0.00|0.00|0.00|0.00|0.00|0.00|0.00|
|C100|1|0|11223344000166|55|00|000000382|000|16032024|19032024|1632.29|1507.89|180.95|0.00|0.00|0.00|0.00|0.00|0.00|0.00|0|99900011000155|
|C170|1|PROD005|INSUMO INDUSTRIAL E|44.00|UN|1632.29|5101|00|1507.89|12.00|180.95|0.00|0.00|0.00|0.00|0.00|0.00|
|C100|1|0|11223344000166|55|00|000000383|000|11032024|12032024|58830.52|53694.66|6443.36|0.00|0.00|0.00|0.00|0.00|0.00|0.00|0|22244466000133|
|C170|1|PROD002|COMPONENTE ELETRICO B|22.12|UN|1125.26|5101|40|0.00|12.00|0.00|0.00|0.00|0.00|0.00|0.00|0.00|
|C170|2|PROD008|CONJUNTO MONTADO H|30.20|UN|28953.29|5101|00|28020.22|12.00|3362.43|0.00|0.00|0.00|0.00|0.00|0.00|
|C170|3|PROD004|PRODUTO ACABADO D|3.92|UN|3452.44|5101|00|3255.51|12.00|390.66|0.00|0.00|0.00|0.00|0.00|0.00|
|C170|4|PROD004|PRODUTO ACABADO D|44.24|UN|25299.53|5101|20|22418.93|12.00|2690.27|0.00|0.00|0.00|0.00|0.00|0.00|
|C100|1|0|11223344000166|55|00|000000384|000|31032024|03042024|17273.71|12807.74|1536.93|0.00|0.00|0.00|0.00|0.00|0.00|0.00|0|22244466000133|
|C170|1|PROD006|EMBALAGEM PADRAO F|34.96|UN|373.37|5403|10|338.15|12.00|40.58|0.00|0.00|0.00|0.00|0.00|0.00|
|C170|2|PROD001|PECA MECANICA TIPO A|4.61|UN|266.62|5403|40|0.00|12.00|0.00|0.00|0.00|0.00|0.00|0.00|0.00|
|C170|3|PROD005|INSUMO INDUSTRIAL E|38.62|UN|911.02|5403|40|0.00|12.00|0.00|0.00|0.00|0.00|0.00|0.00|0.00|
|C170|4|PROD005|INSUMO INDUSTRIAL E|26.25|UN|1093.74|5403|40|0.00|12.00|0.00|0.00|0.00|0.00|0.00|0.00|0.00|
|C170|5|PROD004|PRODUTO ACABADO D|26.85|UN|14628.96|5403|10|12469.59|12.00|1496.35|0.00|0.00|0.00|0.00|0.00|0.00|
|C100|1|0|11223344000166|55|00|000000385|000|21032024|24032024|37529.04|21537.37|2584.48|0.00|0.00|0.00|0.00|0.00|0.00|0.00|0|33366699000100|
|C170|1|PROD008|CONJUNTO MONTADO H|10.03|UN|14004.19|5401|30|0.00|12.00|0.00|0.00|0.00|0.00|0.00|0.00|0.00|
|C170|2|PROD006|EMBALAGEM PADRAO F|16.75|UN|159.65|5401|00|153.28|12.00|18.39|0.00|0.00|0.00|0.00|0.00|0.00|
|C170|3|PROD003|MATERIAL BRUTO C|38.91|UN|9532.27|5401|00|8425.61|12.00|1011.07|0.00|0.00|0.00|0.00|0.00|0.00|
|C170|4|PROD004|PRODUTO ACABADO D|15.98|UN|13832.93|5401|51|12958.48|12.00|1555.02|0.00|0.00|0.00|0.00|0.00|0.00|
|C100|1|0|11223344000166|55|00|000000386|000|17032024|20032024|12436.13|665.34|79.84|0.00|0.00|0.00|0.00|0.00|0.00|0.00|0|99900011000155|
|C170|1|PROD005|INSUMO INDUSTRIAL E|47.13|UN|1974.15|6102|50|0.00|12.00|0.00|0.00|0.00|0.00|0.00|0.00|0.00|
|C170|2|PROD007|PARTE SOBRESSALENTE G|5.81|UN|735.30|6102|00|665.34|12.00|79.84|0.00|0.00|0.00|0.00|0.00|0.00|
|C170|3|PROD005|INSUMO INDUSTRIAL E|35.41|UN|910.29|6102|40|0.00|12.00|0.00|0.00|0.00|0.00|0.00|0.00|0.00|
|C170|4|PROD008|CONJUNTO MONTADO H|8.07|UN|8816.39|6102|40|0.00|12.00|0.00|0.00|0.00|0.00|0.00|0.00|0.00|
|C100|1|0|11223344000166|55|00|000000387|000|01032024|04032024|37042.64|0.00|0.00|0.00|0.00|0.00|0.00|0.00|0.00|0.00|0|99900011000155|
|C170|1|PROD003|MATERIAL BRUTO C|34.63|UN|11097.56|5102|41|0.00|12.00|0.00|0.00|0.00|0.00|0.00|0.00|0.00|
|C170|2|PROD008|CONJUNTO MONTADO H|21.62|UN|25945.08|5102|41|0.00|12.00|0.00|0.00|0.00|0.00|0.00|0.00|0.00|
|C100|1|0|11223344000166|55|00|000000388|000|26032024|29032024|29780.17|1672.31|200.68|0.00|0.00|0.00|0.00|0.00|0.00|0.00|0|22244466000133|
|C170|1|PROD001|PECA MECANICA TIPO A|19.73|UN|1130.10|6101|20|970.88|12.00|116.51|0.00|0.00|0.00|0.00|0.00|0.00|
|C170|2|PROD008|CONJUNTO MONTADO H|32.22|UN|26308.77|6101|40|0.00|12.00|0.00|0.00|0.00|0.00|0.00|0.00|0.00|
|C170|3|PROD006|EMBALAGEM PADRAO F|43.63|UN|406.68|6101|40|0.00|12.00|0.00|0.00|0.00|0.00|0.00|0.00|0.00|
|C170|4|PROD007|PARTE SOBRESSALENTE G|8.89|UN|726.76|6101|00|701.43|12.00|84.17|0.00|0.00|0.00|0.00|0.00|0.00|
|C170|5|PROD007|PARTE SOBRESSALENTE G|14.64|UN|1207.86|6101|50|0.00|12.00|0.00|0.00|0.00|0.00|0.00|0.00|0.00|
|C100|1|0|11223344000166|55|00|000000389|000|05032024|07032024|4187.12|2731.96|327.83|0.00|0.00|0.00|0.00|0.00|0.00|0.00|0|22244466000133|
|C170|1|PROD001|PECA MECANICA TIPO A|12.17|UN|717.48|5401|00|659.19|12.00|79.10|0.00|0.00|0.00|0.00|0.00|0.00|
|C170|2|PROD007|PARTE SOBRESSALENTE G|15.82|UN|2295.90|5401|00|2072.77|12.00|248.73|0.00|0.00|0.00|0.00|0.00|0.00|
|C170|3|PROD005|INSUMO INDUSTRIAL E|44.70|UN|1173.74|5401|40|0.00|12.00|0.00|0.00|0.00|0.00|0.00|0.00|0.00|
|C100|1|0|11223344000166|55|00|000000390|000|11032024|11032024|31233.81|30495.90|3659.51|0.00|0.00|0.00|0.00|0.00|0.00|0.00|0|55512312300010|
|C170|1|PROD007|PARTE SOBRESSALENTE G|2.42|UN|284.05|6101|40|0.00|12.00|0.00|0.00|0.00|0.00|0.00|0.00|0.00|
|C170|2|PROD008|CONJUNTO MONTADO H|34.40|UN|30949.76|6101|00|30495.90|12.00|3659.51|0.00|0.00|0.00|0.00|0.00|0.00|
|C100|1|0|11223344000166|55|00|000000391|000|11032024|14032024|4283.48|0.00|0.00|0.00|0.00|0.00|0.00|0.00|0.00|0.00|0|33366699000100|
|C170|1|PROD002|COMPONENTE ELETRICO B|42.88|UN|2542.10|5401|70|0.00|12.00|0.00|0.00|0.00|0.00|0.00|0.00|0.00|
|C170|2|PROD001|PECA MECANICA TIPO A|22.92|UN|1741.38|5401|40|0.00|12.00|0.00|0.00|0.00|0.00|0.00|0.00|0.00|
|C100|1|0|11223344000166|55|00|000000392|000|31032024|31032024|876.86|782.19|93.86|0.00|0.00|0.00|0.00|0.00|0.00|0.00|0|55512312300010|
|C170|1|PROD008|CONJUNTO MONTADO H|1.20|UN|876.86|6102|51|782.19|12.00|93.86|0.00|0.00|0.00|0.00|0.00|0.00|
|C100|1|0|11223344000166|55|00|000000393|000|20032024|22032024|13773.55|0.00|0.00|0.00|0.00|0.00|0.00|0.00|0.00|0.00|0|22244466000133|
|C170|1|PROD003|MATERIAL BRUTO C|49.54|UN|13773.55|6101|30|0.00|12.00|0.00|0.00|0.00|0.00|0.00|0.00|0.00|
|C100|1|0|11223344000166|55|00|000000394|000|17032024|18032024|17664.41|12413.78|1489.65|0.00|0.00|0.00|0.00|0.00|0.00|0.00|0|99900011000155|
|C170|1|PROD007|PARTE SOBRESSALENTE G|32.90|UN|4353.79|5401|70|0.00|12.00|0.00|0.00|0.00|0.00|0.00|0.00|0.00|
|C170|2|PROD006|EMBALAGEM PADRAO F|9.02|UN|96.09|5401|30|0.00|12.00|0.00|0.00|0.00|0.00|0.00|0.00|0.00|
|C170|3|PROD008|CONJUNTO MONTADO H|6.99|UN|5251.18|5401|00|4868.67|12.00|584.24|0.00|0.00|0.00|0.00|0.00|0.00|
|C170|4|PROD007|PARTE SOBRESSALENTE G|17.66|UN|2496.45|5401|20|2457.18|12.00|294.86|0.00|0.00|0.00|0.00|0.00|0.00|
|C170|5|PROD001|PECA MECANICA TIPO A|49.28|UN|5466.90|5401|00|5087.93|12.00|610.55|0.00|0.00|0.00|0.00|0.00|0.00|
|C100|1|0|11223344000166|55|00|000000395|000|11032024|13032024|91217.77|57865.62|6943.88|0.00|0.00|0.00|0.00|0.00|0.00|0.00|0|55512312300010|
|C170|1|PROD004|PRODUTO ACABADO D|32.57|UN|29911.73|5102|00|29799.80|12.00|3575.98|0.00|0.00|0.00|0.00|0.00|0.00|
|C170|2|PROD006|EMBALAGEM PADRAO F|42.51|UN|422.59|5102|40|0.00|12.00|0.00|0.00|0.00|0.00|0.00|0.00|0.00|
|C170|3|PROD005|INSUMO INDUSTRIAL E|28.06|UN|950.64|5102|30|0.00|12.00|0.00|0.00|0.00|0.00|0.00|0.00|0.00|
|C170|4|PROD004|PRODUTO ACABADO D|39.33|UN|29992.74|5102|70|0.00|12.00|0.00|0.00|0.00|0.00|0.00|0.00|0.00|
|C170|5|PROD004|PRODUTO ACABADO D|41.54|UN|29940.07|5102|20|28065.82|12.00|3367.90|0.00|0.00|0.00|0.00|0.00|0.00|
|C100|1|0|11223344000166|55|00|000000396|000|06032024|06032024|880.86|109.74|13.17|0.00|0.00|0.00|0.00|0.00|0.00|0.00|0|22244466000133|
|C170|1|PROD005|INSUMO INDUSTRIAL E|23.72|UN|766.22|5401|30|0.00|12.00|0.00|0.00|0.00|0.00|0.00|0.00|0.00|
|C170|2|PROD006|EMBALAGEM PADRAO F|12.27|UN|114.64|5401|20|109.74|12.00|13.17|0.00|0.00|0.00|0.00|0.00|0.00|
|C100|1|0|11223344000166|55|00|000000397|000|26032024|28032024|5479.27|0.00|0.00|0.00|0.00|0.00|0.00|0.00|0.00|0.00|0|99900011000155|
|C170|1|PROD001|PECA MECANICA TIPO A|31.99|UN|2968.62|6102|40|0.00|12.00|0.00|0.00|0.00|0.00|0.00|0.00|0.00|
|C170|2|PROD002|COMPONENTE ELETRICO B|41.94|UN|2510.65|6102|40|0.00|12.00|0.00|0.00|0.00|0.00|0.00|0.00|0.00|
|C100|1|0|11223344000166|55|00|000000398|000|26032024|26032024|10675.86|9374.46|1124.93|0.00|0.00|0.00|0.00|0.00|0.00|0.00|0|22244466000133|
|C170|1|PROD002|COMPONENTE ELETRICO B|16.88|UN|524.55|6102|00|486.50|12.00|58.38|0.00|0.00|0.00|0.00|0.00|0.00|
|C170|2|PROD004|PRODUTO ACABADO D|12.13|UN|8533.89|6102|00|7346.35|12.00|881.56|0.00|0.00|0.00|0.00|0.00|0.00|
|C170|3|PROD005|INSUMO INDUSTRIAL E|41.91|UN|1617.42|6102|00|1541.61|12.00|184.99|0.00|0.00|0.00|0.00|0.00|0.00|
|C100|1|0|11223344000166|55|00|000000399|000|20032024|23032024|33342.41|31769.79|3812.38|0.00|0.00|0.00|0.00|0.00|0.00|0.00|0|55512312300010|
|C170|1|PROD004|PRODUTO ACABADO D|34.14|UN|26000.68|5102|20|24775.16|12.00|2973.02|0.00|0.00|0.00|0.00|0.00|0.00|
|C170|2|PROD006|EMBALAGEM PADRAO F|26.53|UN|137.18|5102|30|0.00|12.00|0.00|0.00|0.00|0.00|0.00|0.00|0.00|
|C170|3|PROD007|PARTE SOBRESSALENTE G|46.54|UN|7204.55|5102|90|6994.63|12.00|839.36|0.00|0.00|0.00|0.00|0.00|0.00|
|C100|1|0|11223344000166|55|00|000000400|000|10032024|10032024|85923.04|83314.06|9997.69|0.00|0.00|0.00|0.00|0.00|0.00|0.00|0|77788899000177|
|C170|1|PROD006|EMBALAGEM PADRAO F|43.59|UN|386.23|5401|40|0.00|12.00|0.00|0.00|0.00|0.00|0.00|0.00|0.00|
|C170|2|PROD007|PARTE SOBRESSALENTE G|38.02|UN|5987.90|5401|00|5302.56|12.00|636.31|0.00|0.00|0.00|0.00|0.00|0.00|
|C170|3|PROD008|CONJUNTO MONTADO H|39.65|UN|30183.07|5401|00|28853.98|12.00|3462.48|0.00|0.00|0.00|0.00|0.00|0.00|
|C170|4|PROD008|CONJUNTO MONTADO H|43.38|UN|49365.84|5401|00|49157.52|12.00|5898.90|0.00|0.00|0.00|0.00|0.00|0.00|
|C100|1|0|11223344000166|55|00|000000401|000|28032024|30032024|37902.92|27482.68|3297.92|0.00|0.00|0.00|0.00|0.00|0.00|0.00|0|77788899000177|
|C170|1|PROD006|EMBALAGEM PADRAO F|39.72|UN|299.50|5101|00|265.00|12.00|31.80|0.00|0.00|0.00|0.00|0.00|0.00|
|C170|2|PROD004|PRODUTO ACABADO D|27.52|UN|25643.47|5101|00|25210.33|12.00|3025.24|0.00|0.00|0.00|0.00|0.00|0.00|
|C170|3|PROD001|PECA MECANICA TIPO A|19.16|UN|2268.18|5101|10|2007.35|12.00|240.88|0.00|0.00|0.00|0.00|0.00|0.00|
|C170|4|PROD005|INSUMO INDUSTRIAL E|15.68|UN|656.87|5101|50|0.00|12.00|0.00|0.00|0.00|0.00|0.00|0.00|0.00|
|C170|5|PROD003|MATERIAL BRUTO C|36.26|UN|9034.90|5101|40|0.00|12.00|0.00|0.00|0.00|0.00|0.00|0.00|0.00|
|C100|1|0|11223344000166|55|00|000000402|000|31032024|02042024|3750.77|3656.42|438.77|0.00|0.00|0.00|0.00|0.00|0.00|0.00|0|77788899000177|
|C170|1|PROD002|COMPONENTE ELETRICO B|48.13|UN|3750.77|5101|10|3656.42|12.00|438.77|0.00|0.00|0.00|0.00|0.00|0.00|
|C100|1|0|11223344000166|55|00|000000403|000|31032024|03042024|43430.75|4738.47|568.62|0.00|0.00|0.00|0.00|0.00|0.00|0.00|0|99900011000155|
|C170|1|PROD005|INSUMO INDUSTRIAL E|35.39|UN|1233.98|5401|10|1171.89|12.00|140.63|0.00|0.00|0.00|0.00|0.00|0.00|
|C170|2|PROD008|CONJUNTO MONTADO H|46.64|UN|37678.62|5401|60|0.00|12.00|0.00|0.00|0.00|0.00|0.00|0.00|0.00|
|C170|3|PROD005|INSUMO INDUSTRIAL E|15.76|UN|441.05|5401|40|0.00|12.00|0.00|0.00|0.00|0.00|0.00|0.00|0.00|
|C170|4|PROD007|PARTE SOBRESSALENTE G|44.62|UN|4077.10|5401|20|3566.58|12.00|427.99|0.00|0.00|0.00|0.00|0.00|0.00|
|C100|1|0|11223344000166|55|00|000000404|000|17032024|18032024|25491.44|5576.10|669.13|0.00|0.00|0.00|0.00|0.00|0.00|0.00|0|99900011000155|
|C170|1|PROD005|INSUMO INDUSTRIAL E|44.78|UN|710.18|5401|30|0.00|12.00|0.00|0.00|0.00|0.00|0.00|0.00|0.00|
|C170|2|PROD006|EMBALAGEM PADRAO F|47.23|UN|525.18|5401|41|0.00|12.00|0.00|0.00|0.00|0.00|0.00|0.00|0.00|
|C170|3|PROD001|PECA MECANICA TIPO A|3.57|UN|368.77|5401|00|339.67|12.00|40.76|0.00|0.00|0.00|0.00|0.00|0.00|
|C170|4|PROD008|CONJUNTO MONTADO H|14.95|UN|17764.78|5401|50|0.00|12.00|0.00|0.00|0.00|0.00|0.00|0.00|0.00|
|C170|5|PROD003|MATERIAL BRUTO C|29.08|UN|6122.53|5401|90|5236.43|12.00|628.37|0.00|0.00|0.00|0.00|0.00|0.00|
|C100|1|0|11223344000166|55|00|000000405|000|03032024|03032024|5259.03|4398.51|527.82|0.00|0.00|0.00|0.00|0.00|0.00|0.00|0|55512312300010|
|C170|1|PROD007|PARTE SOBRESSALENTE G|34.86|UN|4840.52|5403|10|4398.51|12.00|527.82|0.00|0.00|0.00|0.00|0.00|0.00|
|C170|2|PROD002|COMPONENTE ELETRICO B|6.68|UN|418.51|5403|40|0.00|12.00|0.00|0.00|0.00|0.00|0.00|0.00|0.00|
|C100|1|0|11223344000166|55|00|000000406|000|21032024|22032024|2779.23|2133.76|256.05|0.00|0.00|0.00|0.00|0.00|0.00|0.00|0|55512312300010|
|C170|1|PROD001|PECA MECANICA TIPO A|40.63|UN|2139.37|6101|00|1863.78|12.00|223.65|0.00|0.00|0.00|0.00|0.00|0.00|
|C170|2|PROD006|EMBALAGEM PADRAO F|5.62|UN|61.66|6101|70|0.00|12.00|0.00|0.00|0.00|0.00|0.00|0.00|0.00|
|C170|3|PROD005|INSUMO INDUSTRIAL E|17.11|UN|287.36|6101|00|269.98|12.00|32.40|0.00|0.00|0.00|0.00|0.00|0.00|
|C170|4|PROD006|EMBALAGEM PADRAO F|32.14|UN|290.84|6101|40|0.00|12.00|0.00|0.00|0.00|0.00|0.00|0.00|0.00|
|C100|1|0|11223344000166|55|00|000000407|000|12032024|14032024|18552.00|0.00|0.00|0.00|0.00|0.00|0.00|0.00|0.00|0.00|0|77788899000177|
|C170|1|PROD004|PRODUTO ACABADO D|27.49|UN|18552.00|5403|60|0.00|12.00|0.00|0.00|0.00|0.00|0.00|0.00|0.00|
|C100|1|0|11223344000166|55|00|000000408|000|26032024|28032024|25611.59|16028.11|1923.37|0.00|0.00|0.00|0.00|0.00|0.00|0.00|0|99900011000155|
|C170|1|PROD002|COMPONENTE ELETRICO B|6.93|UN|258.49|5401|40|0.00|12.00|0.00|0.00|0.00|0.00|0.00|0.00|0.00|
|C170|2|PROD003|MATERIAL BRUTO C|20.93|UN|6655.84|5401|40|0.00|12.00|0.00|0.00|0.00|0.00|0.00|0.00|0.00|
|C170|3|PROD008|CONJUNTO MONTADO H|16.70|UN|18495.02|5401|00|15827.50|12.00|1899.30|0.00|0.00|0.00|0.00|0.00|0.00|
|C170|4|PROD006|EMBALAGEM PADRAO F|31.21|UN|202.24|5401|10|200.61|12.00|24.07|0.00|0.00|0.00|0.00|0.00|0.00|
|C100|1|0|11223344000166|55|00|000000409|000|15032024|15032024|34369.74|12922.38|1550.69|0.00|0.00|0.00|0.00|0.00|0.00|0.00|0|33366699000100|
|C170|1|PROD008|CONJUNTO MONTADO H|16.61|UN|21444.32|5403|70|0.00|12.00|0.00|0.00|0.00|0.00|0.00|0.00|0.00|
|C170|2|PROD003|MATERIAL BRUTO C|40.21|UN|12925.42|5403|00|12922.38|12.00|1550.69|0.00|0.00|0.00|0.00|0.00|0.00|
|C100|1|0|11223344000166|55|00|000000410|000|07032024|10032024|30997.54|26373.43|3164.81|0.00|0.00|0.00|0.00|0.00|0.00|0.00|0|55512312300010|
|C170|1|PROD008|CONJUNTO MONTADO H|24.02|UN|30997.54|5101|00|26373.43|12.00|3164.81|0.00|0.00|0.00|0.00|0.00|0.00|
|C100|1|0|11223344000166|55|00|000000411|000|16032024|19032024|10880.28|10461.15|1255.34|0.00|0.00|0.00|0.00|0.00|0.00|0.00|0|55512312300010|
|C170|1|PROD008|CONJUNTO MONTADO H|13.28|UN|10517.35|5101|20|10461.15|12.00|1255.34|0.00|0.00|0.00|0.00|0.00|0.00|
|C170|2|PROD006|EMBALAGEM PADRAO F|34.93|UN|362.93|5101|30|0.00|12.00|0.00|0.00|0.00|0.00|0.00|0.00|0.00|
|C100|1|0|11223344000166|55|00|000000412|000|15032024|17032024|4075.15|0.00|0.00|0.00|0.00|0.00|0.00|0.00|0.00|0.00|0|99900011000155|
|C170|1|PROD005|INSUMO INDUSTRIAL E|3.79|UN|97.86|5401|41|0.00|12.00|0.00|0.00|0.00|0.00|0.00|0.00|0.00|
|C170|2|PROD001|PECA MECANICA TIPO A|49.92|UN|3977.29|5401|60|0.00|12.00|0.00|0.00|0.00|0.00|0.00|0.00|0.00|
|C100|1|0|11223344000166|55|00|000000413|000|29032024|29032024|1982.48|52.21|6.27|0.00|0.00|0.00|0.00|0.00|0.00|0.00|0|22244466000133|
|C170|1|PROD002|COMPONENTE ELETRICO B|23.43|UN|1928.44|6101|50|0.00|12.00|0.00|0.00|0.00|0.00|0.00|0.00|0.00|
|C170|2|PROD002|COMPONENTE ELETRICO B|1.33|UN|54.04|6101|00|52.21|12.00|6.27|0.00|0.00|0.00|0.00|0.00|0.00|
|C100|1|0|11223344000166|55|00|000000414|000|03032024|06032024|37155.43|33712.43|4045.49|0.00|0.00|0.00|0.00|0.00|0.00|0.00|0|55512312300010|
|C170|1|PROD004|PRODUTO ACABADO D|43.18|UN|33205.70|5101|10|30096.82|12.00|3611.62|0.00|0.00|0.00|0.00|0.00|0.00|
|C170|2|PROD003|MATERIAL BRUTO C|10.43|UN|2726.40|5101|51|2421.11|12.00|290.53|0.00|0.00|0.00|0.00|0.00|0.00|
|C170|3|PROD001|PECA MECANICA TIPO A|10.54|UN|1223.33|5101|90|1194.50|12.00|143.34|0.00|0.00|0.00|0.00|0.00|0.00|
|C100|1|0|11223344000166|55|00|000000415|000|14032024|17032024|36028.06|35234.73|4228.17|0.00|0.00|0.00|0.00|0.00|0.00|0.00|0|33366699000100|
|C170|1|PROD004|PRODUTO ACABADO D|48.43|UN|35435.51|6101|20|34677.57|12.00|4161.31|0.00|0.00|0.00|0.00|0.00|0.00|
|C170|2|PROD002|COMPONENTE ELETRICO B|14.80|UN|592.55|6101|10|557.16|12.00|66.86|0.00|0.00|0.00|0.00|0.00|0.00|
|C100|1|0|11223344000166|55|00|000000416|000|19032024|22032024|18079.11|13675.86|1641.10|0.00|0.00|0.00|0.00|0.00|0.00|0.00|0|22244466000133|
|C170|1|PROD002|COMPONENTE ELETRICO B|19.54|UN|736.58|6101|00|669.03|12.00|80.28|0.00|0.00|0.00|0.00|0.00|0.00|
|C170|2|PROD001|PECA MECANICA TIPO A|26.61|UN|3186.21|6101|70|0.00|12.00|0.00|0.00|0.00|0.00|0.00|0.00|0.00|
|C170|3|PROD007|PARTE SOBRESSALENTE G|10.32|UN|999.61|6101|00|998.60|12.00|119.83|0.00|0.00|0.00|0.00|0.00|0.00|
|C170|4|PROD003|MATERIAL BRUTO C|41.13|UN|13156.71|6101|90|12008.23|12.00|1440.99|0.00|0.00|0.00|0.00|0.00|0.00|
|C100|1|0|11223344000166|55|00|000000417|000|23032024|26032024|2107.10|0.00|0.00|0.00|0.00|0.00|0.00|0.00|0.00|0.00|0|22244466000133|
|C170|1|PROD002|COMPONENTE ELETRICO B|25.26|UN|2107.10|6102|60|0.00|12.00|0.00|0.00|0.00|0.00|0.00|0.00|0.00|
|C100|1|0|11223344000166|55|00|000000418|000|25032024|26032024|5933.20|0.00|0.00|0.00|0.00|0.00|0.00|0.00|0.00|0.00|0|99900011000155|
|C170|1|PROD002|COMPONENTE ELETRICO B|10.36|UN|872.82|6101|50|0.00|12.00|0.00|0.00|0.00|0.00|0.00|0.00|0.00|
|C170|2|PROD001|PECA MECANICA TIPO A|45.46|UN|5060.38|6101|40|0.00|12.00|0.00|0.00|0.00|0.00|0.00|0.00|0.00|
|C100|1|0|11223344000166|55|00|000000419|000|05032024|06032024|2957.51|852.09|102.25|0.00|0.00|0.00|0.00|0.00|0.00|0.00|0|55512312300010|
|C170|1|PROD006|LINHA_CORROMPIDA|
|C170|2|PROD006|EMBALAGEM PADRAO F|15.46|UN|119.49|5101|10|109.27|12.00|13.11|0.00|0.00|0.00|0.00|0.00|0.00|
|C170|3|PROD007|PARTE SOBRESSALENTE G|6.13|UN|785.98|5101|20|680.31|12.00|81.64|0.00|0.00|0.00|0.00|0.00|0.00|
|C170|4|PROD002|COMPONENTE ELETRICO B|46.69|UN|1983.09|5101|40|0.00|12.00|0.00|0.00|0.00|0.00|0.00|0.00|0.00|
|C100|1|0|11223344000166|55|00|000000420|000|12032024|12032024|11275.46|8763.47|1051.61|0.00|0.00|0.00|0.00|0.00|0.00|0.00|0|99900011000155|
|C170|1|PROD001|PECA MECANICA TIPO A|16.48|UN|1489.99|6102|20|1299.03|12.00|155.88|0.00|0.00|0.00|0.00|0.00|0.00|
|C170|2|PROD008|CONJUNTO MONTADO H|10.48|UN|7797.96|6102|00|7464.44|12.00|895.73|0.00|0.00|0.00|0.00|0.00|0.00|
|C170|3|PROD002|COMPONENTE ELETRICO B|10.88|UN|385.59|6102|70|0.00|12.00|0.00|0.00|0.00|0.00|0.00|0.00|0.00|
|C170|4|PROD007|PARTE SOBRESSALENTE G|15.20|UN|1601.92|6102|60|0.00|12.00|0.00|0.00|0.00|0.00|0.00|0.00|0.00|
|C100|1|0|11223344000166|55|00|000000421|000|24032024|27032024|35.24|32.49|3.90|0.00|0.00|0.00|0.00|0.00|0.00|0.00|0|99900011000155|
|C170|1|PROD006|EMBALAGEM PADRAO F|5.58|UN|35.24|5403|10|32.49|12.00|3.90|0.00|0.00|0.00|0.00|0.00|0.00|
|C100|1|0|11223344000166|55|00|000000422|000|23032024|23032024|11583.75|6355.88|762.71|0.00|0.00|0.00|0.00|0.00|0.00|0.00|0|77788899000177|
|C170|1|PROD003|MATERIAL BRUTO C|19.66|UN|4826.53|5102|41|0.00|12.00|0.00|0.00|0.00|0.00|0.00|0.00|0.00|
|C170|2|PROD008|CONJUNTO MONTADO H|9.19|UN|6757.22|5102|20|6355.88|12.00|762.71|0.00|0.00|0.00|0.00|0.00|0.00|
|C100|1|0|11223344000166|55|00|000000423|000|03032024|05032024|5863.47|433.34|52.00|0.00|0.00|0.00|0.00|0.00|0.00|0.00|0|55512312300010|
|C170|1|PROD003|MATERIAL BRUTO C|12.49|UN|2985.90|5102|41|0.00|12.00|0.00|0.00|0.00|0.00|0.00|0.00|0.00|
|C170|2|PROD006|EMBALAGEM PADRAO F|17.28|UN|182.85|5102|00|175.79|12.00|21.09|0.00|0.00|0.00|0.00|0.00|0.00|
|C170|3|PROD006|EMBALAGEM PADRAO F|38.26|UN|257.87|5102|00|257.55|12.00|30.91|0.00|0.00|0.00|0.00|0.00|0.00|
|C170|4|PROD002|COMPONENTE ELETRICO B|30.41|UN|2436.85|5102|40|0.00|12.00|0.00|0.00|0.00|0.00|0.00|0.00|0.00|
|C100|1|0|11223344000166|55|00|000000424|000|23032024|25032024|5704.80|0.00|0.00|0.00|0.00|0.00|0.00|0.00|0.00|0.00|0|33366699000100|
|C170|1|PROD003|MATERIAL BRUTO C|21.80|UN|5704.80|5403|40|0.00|12.00|0.00|0.00|0.00|0.00|0.00|0.00|0.00|
|C100|1|0|11223344000166|55|00|000000425|000|27032024|29032024|28313.02|26356.97|3162.84|0.00|0.00|0.00|0.00|0.00|0.00|0.00|0|55512312300010|
|C170|1|PROD002|COMPONENTE ELETRICO B|4.77|UN|191.13|6101|51|188.64|12.00|22.64|0.00|0.00|0.00|0.00|0.00|0.00|
|C170|2|PROD001|PECA MECANICA TIPO A|39.97|UN|4476.18|6101|00|4170.29|12.00|500.43|0.00|0.00|0.00|0.00|0.00|0.00|
|C170|3|PROD004|PRODUTO ACABADO D|20.07|UN|19319.10|6101|00|18051.58|12.00|2166.19|0.00|0.00|0.00|0.00|0.00|0.00|
|C170|4|PROD008|CONJUNTO MONTADO H|3.44|UN|4035.20|6101|51|3693.14|12.00|443.18|0.00|0.00|0.00|0.00|0.00|0.00|
|C170|5|PROD001|PECA MECANICA TIPO A|5.13|UN|291.41|6101|00|253.32|12.00|30.40|0.00|0.00|0.00|0.00|0.00|0.00|
|C100|1|0|11223344000166|55|00|000000426|000|18032024|21032024|3270.58|2893.20|347.18|0.00|0.00|0.00|0.00|0.00|0.00|0.00|0|99900011000155|
|C170|1|PROD006|EMBALAGEM PADRAO F|19.61|UN|116.48|5401|41|0.00|12.00|0.00|0.00|0.00|0.00|0.00|0.00|0.00|
|C170|2|PROD007|PARTE SOBRESSALENTE G|10.32|UN|1498.03|5401|20|1299.36|12.00|155.92|0.00|0.00|0.00|0.00|0.00|0.00|
|C170|3|PROD002|COMPONENTE ELETRICO B|29.18|UN|1505.58|5401|00|1451.16|12.00|174.14|0.00|0.00|0.00|0.00|0.00|0.00|
|C170|4|PROD001|PECA MECANICA TIPO A|2.85|UN|150.49|5401|20|142.68|12.00|17.12|0.00|0.00|0.00|0.00|0.00|0.00|
|C100|1|0|11223344000166|55|00|000000427|000|21032024|22032024|19383.92|3531.91|423.83|0.00|0.00|0.00|0.00|0.00|0.00|0.00|0|99900011000155|
|C170|1|PROD002|COMPONENTE ELETRICO B|15.83|UN|937.37|5102|40|0.00|12.00|0.00|0.00|0.00|0.00|0.00|0.00|0.00|
|C170|2|PROD007|PARTE SOBRESSALENTE G|47.26|UN|5137.96|5102|40|0.00|12.00|0.00|0.00|0.00|0.00|0.00|0.00|0.00|
|C170|3|PROD001|PECA MECANICA TIPO A|33.50|UN|3857.76|5102|00|3531.91|12.00|423.83|0.00|0.00|0.00|0.00|0.00|0.00|
|C170|4|PROD007|PARTE SOBRESSALENTE G|42.19|UN|5237.52|5102|40|0.00|12.00|0.00|0.00|0.00|0.00|0.00|0.00|0.00|
|C170|5|PROD004|PRODUTO ACABADO D|4.96|UN|4213.31|5102|40|0.00|12.00|0.00|0.00|0.00|0.00|0.00|0.00|0.00|
|C100|1|0|11223344000166|55|00|000000428|000|18032024|19032024|5915.37|5493.83|659.26|0.00|0.00|0.00|0.00|0.00|0.00|0.00|0|99900011000155|
|C170|1|PROD007|PARTE SOBRESSALENTE G|31.75|UN|3948.06|5101|00|3628.01|12.00|435.36|0.00|0.00|0.00|0.00|0.00|0.00|
|C170|2|PROD002|COMPONENTE ELETRICO B|36.68|UN|1967.31|5101|90|1865.82|12.00|223.90|0.00|0.00|0.00|0.00|0.00|0.00|
|C100|1|0|11223344000166|55|00|000000429|000|11032024|14032024|37542.94|28198.49|3383.82|0.00|0.00|0.00|0.00|0.00|0.00|0.00|0|22244466000133|
|C170|1|PROD004|PRODUTO ACABADO D|9.82|UN|7700.65|5403|60|0.00|12.00|0.00|0.00|0.00|0.00|0.00|0.00|0.00|
|C170|2|PROD004|PRODUTO ACABADO D|28.15|UN|27323.95|5403|00|25898.63|12.00|3107.84|0.00|0.00|0.00|0.00|0.00|0.00|
|C170|3|PROD007|PARTE SOBRESSALENTE G|16.57|UN|2518.34|5403|10|2299.86|12.00|275.98|0.00|0.00|0.00|0.00|0.00|0.00|
|C100|1|0|11223344000166|55|00|000000430|000|26032024|29032024|1290.05|0.00|0.00|0.00|0.00|0.00|0.00|0.00|0.00|0.00|0|33366699000100|
|C170|1|PROD001|PECA MECANICA TIPO A|21.46|UN|1290.05|5403|40|0.00|12.00|0.00|0.00|0.00|0.00|0.00|0.00|0.00|
|C100|1|0|11223344000166|55|00|000000431|000|29032024|31032024|24225.01|23556.87|2826.82|0.00|0.00|0.00|0.00|0.00|0.00|0.00|0|99900011000155|
|C170|1|PROD005|INSUMO INDUSTRIAL E|39.97|UN|1164.27|6101|90|1041.62|12.00|124.99|0.00|0.00|0.00|0.00|0.00|0.00|
|C170|2|PROD006|EMBALAGEM PADRAO F|4.09|UN|28.44|6101|00|26.42|12.00|3.17|0.00|0.00|0.00|0.00|0.00|0.00|
|C170|3|PROD004|PRODUTO ACABADO D|45.27|UN|23032.30|6101|00|22488.83|12.00|2698.66|0.00|0.00|0.00|0.00|0.00|0.00|
|C100|1|0|11223344000166|55|00|000000432|000|21032024|23032024|49556.12|44816.57|5377.99|0.00|0.00|0.00|0.00|0.00|0.00|0.00|0|77788899000177|
|C170|1|PROD006|EMBALAGEM PADRAO F|25.69|UN|153.90|6101|00|147.19|12.00|17.66|0.00|0.00|0.00|0.00|0.00|0.00|
|C170|2|PROD008|CONJUNTO MONTADO H|37.19|UN|47529.10|6101|00|44669.38|12.00|5360.33|0.00|0.00|0.00|0.00|0.00|0.00|
|C170|3|PROD003|MATERIAL BRUTO C|4.21|UN|1042.24|6101|40|0.00|12.00|0.00|0.00|0.00|0.00|0.00|0.00|0.00|
|C170|4|PROD002|COMPONENTE ELETRICO B|8.66|UN|298.67|6101|40|0.00|12.00|0.00|0.00|0.00|0.00|0.00|0.00|0.00|
|C170|5|PROD005|INSUMO INDUSTRIAL E|15.79|UN|532.21|6101|50|0.00|12.00|0.00|0.00|0.00|0.00|0.00|0.00|0.00|
|C100|1|0|11223344000166|55|00|000000433|000|07032024|07032024|48543.70|32008.91|3841.07|0.00|0.00|0.00|0.00|0.00|0.00|0.00|0|77788899000177|
|C170|1|PROD008|CONJUNTO MONTADO H|35.64|UN|33713.30|5403|00|32008.91|12.00|3841.07|0.00|0.00|0.00|0.00|0.00|0.00|
|C170|2|PROD005|INSUMO INDUSTRIAL E|32.22|UN|590.59|5403|50|0.00|12.00|0.00|0.00|0.00|0.00|0.00|0.00|0.00|
|C170|3|PROD003|MATERIAL BRUTO C|47.88|UN|14239.81|5403|40|0.00|12.00|0.00|0.00|0.00|0.00|0.00|0.00|0.00|
|C100|1|0|11223344000166|55|00|000000434|000|05032024|07032024|4239.63|3737.18|448.46|0.00|0.00|0.00|0.00|0.00|0.00|0.00|0|55512312300010|
|C170|1|PROD006|EMBALAGEM PADRAO F|23.41|UN|143.76|5403|50|0.00|12.00|0.00|0.00|0.00|0.00|0.00|0.00|0.00|
|C170|2|PROD003|MATERIAL BRUTO C|15.80|UN|4095.87|5403|20|3737.18|12.00|448.46|0.00|0.00|0.00|0.00|0.00|0.00|
|C100|1|0|11223344000166|55|00|000000435|000|20032024|21032024|5105.69|4359.91|523.18|0.00|0.00|0.00|0.00|0.00|0.00|0.00|0|33366699000100|
|C170|1|PROD001|PECA MECANICA TIPO A|49.48|UN|4148.16|5102|00|3929.62|12.00|471.55|0.00|0.00|0.00|0.00|0.00|0.00|
|C170|2|PROD003|MATERIAL BRUTO C|2.37|UN|500.28|5102|30|0.00|12.00|0.00|0.00|0.00|0.00|0.00|0.00|0.00|
|C170|3|PROD005|INSUMO INDUSTRIAL E|23.78|UN|457.25|5102|00|430.29|12.00|51.63|0.00|0.00|0.00|0.00|0.00|0.00|
|C100|1|0|11223344000166|55|00|000000436|000|30032024|01042024|37306.66|1833.32|220.00|0.00|0.00|0.00|0.00|0.00|0.00|0.00|0|99900011000155|
|C170|1|PROD005|INSUMO INDUSTRIAL E|18.50|UN|350.98|6101|30|0.00|12.00|0.00|0.00|0.00|0.00|0.00|0.00|0.00|
|C170|2|PROD005|INSUMO INDUSTRIAL E|49.60|UN|2054.14|6101|00|1833.32|12.00|220.00|0.00|0.00|0.00|0.00|0.00|0.00|
|C170|3|PROD008|CONJUNTO MONTADO H|28.00|UN|27986.80|6101|40|0.00|12.00|0.00|0.00|0.00|0.00|0.00|0.00|0.00|
|C170|4|PROD004|PRODUTO ACABADO D|11.12|UN|6914.74|6101|60|0.00|12.00|0.00|0.00|0.00|0.00|0.00|0.00|0.00|
|C100|1|0|11223344000166|55|00|000000437|000|02032024|04032024|53907.35|9133.61|1096.04|0.00|0.00|0.00|0.00|0.00|0.00|0.00|0|55512312300010|
|C170|1|PROD003|MATERIAL BRUTO C|30.61|UN|6959.19|5102|30|0.00|12.00|0.00|0.00|0.00|0.00|0.00|0.00|0.00|
|C170|2|PROD006|EMBALAGEM PADRAO F|42.58|UN|327.87|5102|90|325.47|12.00|39.06|0.00|0.00|0.00|0.00|0.00|0.00|
|C170|3|PROD004|PRODUTO ACABADO D|38.66|UN|37323.71|5102|30|0.00|12.00|0.00|0.00|0.00|0.00|0.00|0.00|0.00|
|C170|4|PROD004|PRODUTO ACABADO D|14.31|UN|9296.58|5102|10|8808.14|12.00|1056.98|0.00|0.00|0.00|0.00|0.00|0.00|
|C100|1|0|11223344000166|55|00|000000438|000|01032024|02032024|34493.17|31108.38|3733.00|0.00|0.00|0.00|0.00|0.00|0.00|0.00|0|22244466000133|
|C170|1|PROD005|INSUMO INDUSTRIAL E|48.58|UN|1942.27|6101|20|1938.16|12.00|232.58|0.00|0.00|0.00|0.00|0.00|0.00|
|C170|2|PROD006|EMBALAGEM PADRAO F|10.75|UN|81.84|6101|51|79.19|12.00|9.50|0.00|0.00|0.00|0.00|0.00|0.00|
|C170|3|PROD005|INSUMO INDUSTRIAL E|15.27|UN|564.04|6101|90|494.17|12.00|59.30|0.00|0.00|0.00|0.00|0.00|0.00|
|C170|4|PROD004|PRODUTO ACABADO D|33.75|UN|31905.02|6101|10|28596.86|12.00|3431.62|0.00|0.00|0.00|0.00|0.00|0.00|
|C100|1|0|11223344000166|55|00|000000439|000|05032024|05032024|38954.78|23275.21|2793.03|0.00|0.00|0.00|0.00|0.00|0.00|0.00|0|22244466000133|
|C170|1|PROD003|MATERIAL BRUTO C|19.63|UN|4974.13|5403|30|0.00|12.00|0.00|0.00|0.00|0.00|0.00|0.00|0.00|
|C170|2|PROD004|PRODUTO ACABADO D|25.97|UN|22515.99|5403|90|22152.13|12.00|2658.26|0.00|0.00|0.00|0.00|0.00|0.00|
|C170|3|PROD003|MATERIAL BRUTO C|35.68|UN|10250.44|5403|50|0.00|12.00|0.00|0.00|0.00|0.00|0.00|0.00|0.00|
|C170|4|PROD005|INSUMO INDUSTRIAL E|47.38|UN|1214.22|5403|20|1123.08|12.00|134.77|0.00|0.00|0.00|0.00|0.00|0.00|
|C100|1|0|11223344000166|55|00|000000440|000|11032024|14032024|27508.53|0.00|0.00|0.00|0.00|0.00|0.00|0.00|0.00|0.00|0|55512312300010|
|C170|1|PROD008|CONJUNTO MONTADO H|22.49|UN|27363.98|6102|40|0.00|12.00|0.00|0.00|0.00|0.00|0.00|0.00|0.00|
|C170|2|PROD006|EMBALAGEM PADRAO F|17.74|UN|144.55|6102|40|0.00|12.00|0.00|0.00|0.00|0.00|0.00|0.00|0.00|
|C100|1|0|11223344000166|55|00|000000441|000|21032024|24032024|23272.38|6767.22|812.07|0.00|0.00|0.00|0.00|0.00|0.00|0.00|0|22244466000133|
|C170|1|PROD001|PECA MECANICA TIPO A|9.34|UN|602.77|5403|41|0.00|12.00|0.00|0.00|0.00|0.00|0.00|0.00|0.00|
|C170|2|PROD001|PECA MECANICA TIPO A|5.65|UN|466.63|5403|41|0.00|12.00|0.00|0.00|0.00|0.00|0.00|0.00|0.00|
|C170|3|PROD007|PARTE SOBRESSALENTE G|37.94|UN|6031.16|5403|90|6003.05|12.00|720.37|0.00|0.00|0.00|0.00|0.00|0.00|
|C170|4|PROD008|CONJUNTO MONTADO H|16.32|UN|15312.81|5403|40|0.00|12.00|0.00|0.00|0.00|0.00|0.00|0.00|0.00|
|C170|5|PROD007|PARTE SOBRESSALENTE G|7.82|UN|859.01|5403|00|764.17|12.00|91.70|0.00|0.00|0.00|0.00|0.00|0.00|
|C100|1|0|11223344000166|55|00|000000442|000|06032024|06032024|47747.00|20757.75|2490.93|0.00|0.00|0.00|0.00|0.00|0.00|0.00|0|55512312300010|
|C170|1|PROD005|INSUMO INDUSTRIAL E|31.61|UN|1221.13|5101|20|1143.84|12.00|137.26|0.00|0.00|0.00|0.00|0.00|0.00|
|C170|2|PROD008|CONJUNTO MONTADO H|13.59|UN|13840.67|5101|90|12359.76|12.00|1483.17|0.00|0.00|0.00|0.00|0.00|0.00|
|C170|3|PROD004|PRODUTO ACABADO D|30.10|UN|24676.67|5101|60|0.00|12.00|0.00|0.00|0.00|0.00|0.00|0.00|0.00|
|C170|4|PROD002|COMPONENTE ELETRICO B|44.61|UN|3478.48|5101|00|3010.32|12.00|361.24|0.00|0.00|0.00|0.00|0.00|0.00|
|C170|5|PROD007|PARTE SOBRESSALENTE G|38.20|UN|4530.05|5101|00|4243.83|12.00|509.26|0.00|0.00|0.00|0.00|0.00|0.00|
|C100|1|0|11223344000166|55|00|000000443|000|04032024|04032024|52905.73|49073.03|5888.76|0.00|0.00|0.00|0.00|0.00|0.00|0.00|0|77788899000177|
|C170|1|PROD006|EMBALAGEM PADRAO F|39.61|UN|343.40|6102|10|321.57|12.00|38.59|0.00|0.00|0.00|0.00|0.00|0.00|
|C170|2|PROD004|PRODUTO ACABADO D|43.35|UN|30997.14|6102|00|28910.06|12.00|3469.21|0.00|0.00|0.00|0.00|0.00|0.00|
|C170|3|PROD006|EMBALAGEM PADRAO F|37.27|UN|219.51|6102|00|191.20|12.00|22.94|0.00|0.00|0.00|0.00|0.00|0.00|
|C170|4|PROD004|PRODUTO ACABADO D|23.72|UN|21345.68|6102|00|19650.20|12.00|2358.02|0.00|0.00|0.00|0.00|0.00|0.00|
|C100|1|0|11223344000166|55|00|000000444|000|26032024|28032024|35011.50|34.25|4.11|0.00|0.00|0.00|0.00|0.00|0.00|0.00|0|99900011000155|
|C170|1|PROD004|PRODUTO ACABADO D|45.05|UN|34972.39|6102|40|0.00|12.00|0.00|0.00|0.00|0.00|0.00|0.00|0.00|
|C170|2|PROD005|INSUMO INDUSTRIAL E|2.49|UN|39.11|6102|10|34.25|12.00|4.11|0.00|0.00|0.00|0.00|0.00|0.00|
|C100|1|0|11223344000166|55|00|000000445|000|26032024|26032024|52649.45|50186.81|6022.41|0.00|0.00|0.00|0.00|0.00|0.00|0.00|0|22244466000133|
|C170|1|PROD006|EMBALAGEM PADRAO F|46.88|UN|247.04|6102|30|0.00|12.00|0.00|0.00|0.00|0.00|0.00|0.00|0.00|
|C170|2|PROD004|PRODUTO ACABADO D|48.32|UN|43815.36|6102|00|41880.87|12.00|5025.70|0.00|0.00|0.00|0.00|0.00|0.00|
|C170|3|PROD004|PRODUTO ACABADO D|10.88|UN|7272.11|6102|51|7100.86|12.00|852.10|0.00|0.00|0.00|0.00|0.00|0.00|
|C170|4|PROD002|COMPONENTE ELETRICO B|26.19|UN|1314.94|6102|00|1205.08|12.00|144.61|0.00|0.00|0.00|0.00|0.00|0.00|
|C100|1|0|11223344000166|55|00|000000446|000|01032024|03032024|335.07|0.00|0.00|0.00|0.00|0.00|0.00|0.00|0.00|0.00|0|55512312300010|
|C170|1|PROD006|EMBALAGEM PADRAO F|10.97|UN|113.13|6102|40|0.00|12.00|0.00|0.00|0.00|0.00|0.00|0.00|0.00|
|C170|2|PROD006|EMBALAGEM PADRAO F|22.86|UN|221.94|6102|30|0.00|12.00|0.00|0.00|0.00|0.00|0.00|0.00|0.00|
|C100|1|0|11223344000166|55|00|000000447|000|24032024|26032024|52201.29|47528.64|5703.44|0.00|0.00|0.00|0.00|0.00|0.00|0.00|0|99900011000155|
|C170|1|PROD008|CONJUNTO MONTADO H|34.41|UN|40579.81|5101|00|37135.08|12.00|4456.21|0.00|0.00|0.00|0.00|0.00|0.00|
|C170|2|PROD004|PRODUTO ACABADO D|15.57|UN|10830.55|5101|10|10393.56|12.00|1247.23|0.00|0.00|0.00|0.00|0.00|0.00|
|C170|3|PROD005|INSUMO INDUSTRIAL E|29.13|UN|790.93|5101|41|0.00|12.00|0.00|0.00|0.00|0.00|0.00|0.00|0.00|
|C100|1|0|11223344000166|55|00|000000448|000|07032024|09032024|148.07|127.74|15.33|0.00|0.00|0.00|0.00|0.00|0.00|0.00|0|77788899000177|
|C170|1|PROD006|EMBALAGEM PADRAO F|26.07|UN|148.07|5403|20|127.74|12.00|15.33|0.00|0.00|0.00|0.00|0.00|0.00|
|C100|1|0|11223344000166|55|00|000000449|000|02032024|03032024|13432.45|4115.86|493.90|0.00|0.00|0.00|0.00|0.00|0.00|0.00|0|77788899000177|
|C170|1|PROD004|PRODUTO ACABADO D|14.24|UN|7651.11|5403|40|0.00|12.00|0.00|0.00|0.00|0.00|0.00|0.00|0.00|
|C170|2|PROD001|PECA MECANICA TIPO A|10.78|UN|939.41|5403|30|0.00|12.00|0.00|0.00|0.00|0.00|0.00|0.00|0.00|
|C170|3|PROD001|PECA MECANICA TIPO A|27.18|UN|3193.34|5403|20|2833.00|12.00|339.96|0.00|0.00|0.00|0.00|0.00|0.00|
|C170|4|PROD005|INSUMO INDUSTRIAL E|8.90|UN|227.25|5403|30|0.00|12.00|0.00|0.00|0.00|0.00|0.00|0.00|0.00|
|C170|5|PROD003|MATERIAL BRUTO C|5.43|UN|1421.34|5403|10|1282.86|12.00|153.94|0.00|0.00|0.00|0.00|0.00|0.00|
|C100|1|0|11223344000166|55|00|000000450|000|03032024|04032024|5836.97|912.22|109.47|0.00|0.00|0.00|0.00|0.00|0.00|0.00|0|77788899000177|
|C170|1|PROD002|COMPONENTE ELETRICO B|41.64|UN|1446.64|5403|40|0.00|12.00|0.00|0.00|0.00|0.00|0.00|0.00|0.00|
|C170|2|PROD003|MATERIAL BRUTO C|1.04|UN|338.61|5403|90|320.32|12.00|38.44|0.00|0.00|0.00|0.00|0.00|0.00|
|C170|3|PROD007|PARTE SOBRESSALENTE G|37.27|UN|3399.86|5403|50|0.00|12.00|0.00|0.00|0.00|0.00|0.00|0.00|0.00|
|C170|4|PROD007|PARTE SOBRESSALENTE G|6.14|UN|651.86|5403|00|591.90|12.00|71.03|0.00|0.00|0.00|0.00|0.00|0.00|
|C100|1|0|11223344000166|55|00|000000451|000|29032024|31032024|296.10|0.00|0.00|0.00|0.00|0.00|0.00|0.00|0.00|0.00|0|99900011000155|
|C170|1|PROD006|EMBALAGEM PADRAO F|40.18|UN|296.10|5401|30|0.00|12.00|0.00|0.00|0.00|0.00|0.00|0.00|0.00|
|C100|1|0|11223344000166|55|00|000000452|000|07032024|07032024|70992.99|63835.53|7660.26|0.00|0.00|0.00|0.00|0.00|0.00|0.00|0|55512312300010|
|C170|1|PROD005|INSUMO INDUSTRIAL E|39.46|UN|1497.23|6101|40|0.00|12.00|0.00|0.00|0.00|0.00|0.00|0.00|0.00|
|C170|2|PROD001|PECA MECANICA TIPO A|30.75|UN|2637.07|6101|00|2345.80|12.00|281.50|0.00|0.00|0.00|0.00|0.00|0.00|
|C170|3|PROD004|PRODUTO ACABADO D|26.84|UN|16134.13|6101|00|16008.11|12.00|1920.97|0.00|0.00|0.00|0.00|0.00|0.00|
|C170|4|PROD008|CONJUNTO MONTADO H|42.36|UN|48299.00|6101|20|43204.02|12.00|5184.48|0.00|0.00|0.00|0.00|0.00|0.00|
|C170|5|PROD007|PARTE SOBRESSALENTE G|20.36|UN|2425.56|6101|00|2277.60|12.00|273.31|0.00|0.00|0.00|0.00|0.00|0.00|
|C100|1|0|11223344000166|55|00|000000453|000|20032024|20032024|31126.04|26061.08|3127.32|0.00|0.00|0.00|0.00|0.00|0.00|0.00|0|99900011000155|
|C170|1|PROD006|EMBALAGEM PADRAO F|31.24|UN|264.57|5102|00|235.78|12.00|28.29|0.00|0.00|0.00|0.00|0.00|0.00|
|C170|2|PROD005|INSUMO INDUSTRIAL E|41.49|UN|762.60|5102|40|0.00|12.00|0.00|0.00|0.00|0.00|0.00|0.00|0.00|
|C170|3|PROD005|INSUMO INDUSTRIAL E|48.12|UN|1765.11|5102|20|1623.93|12.00|194.87|0.00|0.00|0.00|0.00|0.00|0.00|
|C170|4|PROD005|INSUMO INDUSTRIAL E|17.49|UN|357.96|5102|40|0.00|12.00|0.00|0.00|0.00|0.00|0.00|0.00|0.00|
|C170|5|PROD004|PRODUTO ACABADO D|40.00|UN|27975.80|5102|90|24201.37|12.00|2904.16|0.00|0.00|0.00|0.00|0.00|0.00|
|C100|1|0|11223344000166|55|00|000000454|000|22032024|25032024|7069.86|271.12|32.53|0.00|0.00|0.00|0.00|0.00|0.00|0.00|0|99900011000155|
|C170|1|PROD007|PARTE SOBRESSALENTE G|47.54|UN|6776.64|5102|40|0.00|12.00|0.00|0.00|0.00|0.00|0.00|0.00|0.00|
|C170|2|PROD006|EMBALAGEM PADRAO F|33.59|UN|293.22|5102|00|271.12|12.00|32.53|0.00|0.00|0.00|0.00|0.00|0.00|
|C100|1|0|11223344000166|55|00|000000455|000|12032024|13032024|3870.68|218.29|26.19|0.00|0.00|0.00|0.00|0.00|0.00|0.00|0|99900011000155|
|C170|1|PROD001|PECA MECANICA TIPO A|44.34|UN|3629.92|5401|41|0.00|12.00|0.00|0.00|0.00|0.00|0.00|0.00|0.00|
|C170|2|PROD006|EMBALAGEM PADRAO F|41.30|UN|240.76|5401|20|218.29|12.00|26.19|0.00|0.00|0.00|0.00|0.00|0.00|
|C100|1|0|11223344000166|55|00|000000456|000|10032024|12032024|12281.86|9629.55|1155.55|0.00|0.00|0.00|0.00|0.00|0.00|0.00|0|77788899000177|
|C170|1|PROD007|PARTE SOBRESSALENTE G|28.79|UN|3925.50|6102|20|3406.02|12.00|408.72|0.00|0.00|0.00|0.00|0.00|0.00|
|C170|2|PROD007|PARTE SOBRESSALENTE G|18.82|UN|1689.65|6102|40|0.00|12.00|0.00|0.00|0.00|0.00|0.00|0.00|0.00|
|C170|3|PROD003|MATERIAL BRUTO C|10.26|UN|3454.13|6102|20|3246.22|12.00|389.55|0.00|0.00|0.00|0.00|0.00|0.00|
|C170|4|PROD002|COMPONENTE ELETRICO B|46.17|UN|3212.58|6102|20|2977.31|12.00|357.28|0.00|0.00|0.00|0.00|0.00|0.00|
|C100|1|0|11223344000166|55|00|000000457|000|15032024|15032024|37260.31|1236.99|148.44|0.00|0.00|0.00|0.00|0.00|0.00|0.00|0|77788899000177|
|C170|1|PROD003|MATERIAL BRUTO C|6.85|UN|1432.00|5101|51|1236.99|12.00|148.44|0.00|0.00|0.00|0.00|0.00|0.00|
|C170|2|PROD004|PRODUTO ACABADO D|48.11|UN|35828.31|5101|40|0.00|12.00|0.00|0.00|0.00|0.00|0.00|0.00|0.00|
|C100|1|0|11223344000166|55|00|000000458|000|08032024|08032024|13926.72|12856.17|1542.74|0.00|0.00|0.00|0.00|0.00|0.00|0.00|0|77788899000177|
|C170|1|PROD005|INSUMO INDUSTRIAL E|30.74|UN|996.83|5101|50|0.00|12.00|0.00|0.00|0.00|0.00|0.00|0.00|0.00|
|C170|2|PROD004|PRODUTO ACABADO D|17.64|UN|12929.89|5101|90|12856.17|12.00|1542.74|0.00|0.00|0.00|0.00|0.00|0.00|
|C100|1|0|11223344000166|55|00|000000459|000|14032024|17032024|8262.26|7073.42|848.81|0.00|0.00|0.00|0.00|0.00|0.00|0.00|0|99900011000155|
|C170|1|PROD006|EMBALAGEM PADRAO F|25.91|UN|166.34|6102|20|146.85|12.00|17.62|0.00|0.00|0.00|0.00|0.00|0.00|
|C170|2|PROD003|MATERIAL BRUTO C|26.05|UN|8095.92|6102|00|6926.57|12.00|831.19|0.00|0.00|0.00|0.00|0.00|0.00|
|C100|1|0|11223344000166|55|00|000000460|000|14032024|17032024|347.28|239.21|28.71|0.00|0.00|0.00|0.00|0.00|0.00|0.00|0|22244466000133|
|C170|1|PROD006|EMBALAGEM PADRAO F|27.06|UN|240.27|5101|00|239.21|12.00|28.71|0.00|0.00|0.00|0.00|0.00|0.00|
|C170|2|PROD006|EMBALAGEM PADRAO F|11.98|UN|107.01|5101|41|0.00|12.00|0.00|0.00|0.00|0.00|0.00|0.00|0.00|
|C100|1|0|11223344000166|55|00|000000461|000|24032024|26032024|1142.24|371.22|44.55|0.00|0.00|0.00|0.00|0.00|0.00|0.00|0|22244466000133|
|C170|1|PROD006|EMBALAGEM PADRAO F|22.75|UN|214.28|6102|10|199.80|12.00|23.98|0.00|0.00|0.00|0.00|0.00|0.00|
|C170|2|PROD006|EMBALAGEM PADRAO F|33.79|UN|192.25|6102|10|171.42|12.00|20.57|0.00|0.00|0.00|0.00|0.00|0.00|
|C170|3|PROD005|INSUMO INDUSTRIAL E|26.42|UN|735.71|6102|40|0.00|12.00|0.00|0.00|0.00|0.00|0.00|0.00|0.00|
|C100|1|0|11223344000166|55|00|000000462|000|17032024|18032024|69604.75|9609.86|1153.18|0.00|0.00|0.00|0.00|0.00|0.00|0.00|0|55512312300010|
|C170|1|PROD004|PRODUTO ACABADO D|18.05|UN|9546.83|6102|00|8327.52|12.00|999.30|0.00|0.00|0.00|0.00|0.00|0.00|
|C170|2|PROD008|CONJUNTO MONTADO H|44.58|UN|57791.56|6102|40|0.00|12.00|0.00|0.00|0.00|0.00|0.00|0.00|0.00|
|C170|3|PROD002|COMPONENTE ELETRICO B|19.43|UN|733.29|6102|50|0.00|12.00|0.00|0.00|0.00|0.00|0.00|0.00|0.00|
|C170|4|PROD002|COMPONENTE ELETRICO B|35.14|UN|1340.00|6102|51|1282.34|12.00|153.88|0.00|0.00|0.00|0.00|0.00|0.00|
|C170|5|PROD006|EMBALAGEM PADRAO F|25.54|UN|193.07|6102|70|0.00|12.00|0.00|0.00|0.00|0.00|0.00|0.00|0.00|
|C100|1|0|11223344000166|55|00|000000463|000|29032024|29032024|8083.73|733.66|88.04|0.00|0.00|0.00|0.00|0.00|0.00|0.00|0|77788899000177|
|C170|1|PROD001|PECA MECANICA TIPO A|13.26|UN|1391.93|5102|50|0.00|12.00|0.00|0.00|0.00|0.00|0.00|0.00|0.00|
|C170|2|PROD007|PARTE SOBRESSALENTE G|45.24|UN|5858.39|5102|40|0.00|12.00|0.00|0.00|0.00|0.00|0.00|0.00|0.00|
|C170|3|PROD005|INSUMO INDUSTRIAL E|30.23|UN|833.41|5102|00|733.66|12.00|88.04|0.00|0.00|0.00|0.00|0.00|0.00|
|C100|1|0|11223344000166|55|00|000000464|000|22032024|24032024|21408.15|17358.21|2082.98|0.00|0.00|0.00|0.00|0.00|0.00|0.00|0|77788899000177|
|C170|1|PROD001|PECA MECANICA TIPO A|21.36|UN|1577.52|5403|60|0.00|12.00|0.00|0.00|0.00|0.00|0.00|0.00|0.00|
|C170|2|PROD004|PRODUTO ACABADO D|19.27|UN|16120.13|5403|10|14839.26|12.00|1780.71|0.00|0.00|0.00|0.00|0.00|0.00|
|C170|3|PROD006|EMBALAGEM PADRAO F|4.92|UN|49.40|5403|40|0.00|12.00|0.00|0.00|0.00|0.00|0.00|0.00|0.00|
|C170|4|PROD003|MATERIAL BRUTO C|9.13|UN|2525.09|5403|10|2518.95|12.00|302.27|0.00|0.00|0.00|0.00|0.00|0.00|
|C170|5|PROD005|INSUMO INDUSTRIAL E|29.14|UN|1136.01|5403|30|0.00|12.00|0.00|0.00|0.00|0.00|0.00|0.00|0.00|
|C100|1|0|11223344000166|55|00|000000465|000|09032024|11032024|11226.42|9908.98|1189.07|0.00|0.00|0.00|0.00|0.00|0.00|0.00|0|22244466000133|
|C170|1|PROD002|COMPONENTE ELETRICO B|7.80|UN|407.08|6102|40|0.00|12.00|0.00|0.00|0.00|0.00|0.00|0.00|0.00|
|C170|2|PROD007|PARTE SOBRESSALENTE G|6.67|UN|1008.24|6102|00|869.27|12.00|104.31|0.00|0.00|0.00|0.00|0.00|0.00|
|C170|3|PROD003|MATERIAL BRUTO C|9.10|UN|1856.40|6102|00|1780.68|12.00|213.68|0.00|0.00|0.00|0.00|0.00|0.00|
|C170|4|PROD003|MATERIAL BRUTO C|37.45|UN|7954.70|6102|20|7259.03|12.00|871.08|0.00|0.00|0.00|0.00|0.00|0.00|
|C100|1|0|11223344000166|55|00|000000466|000|30032024|02042024|40397.77|29566.88|3548.02|0.00|0.00|0.00|0.00|0.00|0.00|0.00|0|77788899000177|
|C170|1|PROD001|PECA MECANICA TIPO A|39.35|UN|2507.64|5403|40|0.00|12.00|0.00|0.00|0.00|0.00|0.00|0.00|0.00|
|C170|2|PROD002|COMPONENTE ELETRICO B|40.18|UN|1435.16|5403|40|0.00|12.00|0.00|0.00|0.00|0.00|0.00|0.00|0.00|
|C170|3|PROD003|MATERIAL BRUTO C|7.54|UN|1901.69|5403|00|1869.02|12.00|224.28|0.00|0.00|0.00|0.00|0.00|0.00|
|C170|4|PROD001|PECA MECANICA TIPO A|45.95|UN|2714.09|5403|40|0.00|12.00|0.00|0.00|0.00|0.00|0.00|0.00|0.00|
|C170|5|PROD008|CONJUNTO MONTADO H|25.50|UN|31839.19|5403|10|27697.86|12.00|3323.74|0.00|0.00|0.00|0.00|0.00|0.00|
|C100|1|0|11223344000166|55|00|000000467|000|08032024|09032024|58961.74|13556.26|1626.75|0.00|0.00|0.00|0.00|0.00|0.00|0.00|0|77788899000177|
|C170|1|PROD003|MATERIAL BRUTO C|49.40|UN|14042.80|6101|20|13235.70|12.00|1588.28|0.00|0.00|0.00|0.00|0.00|0.00|
|C170|2|PROD006|EMBALAGEM PADRAO F|35.84|UN|362.39|6101|00|320.56|12.00|38.47|0.00|0.00|0.00|0.00|0.00|0.00|
|C170|3|PROD008|CONJUNTO MONTADO H|40.36|UN|44556.55|6101|60|0.00|12.00|0.00|0.00|0.00|0.00|0.00|0.00|0.00|
|C100|1|0|11223344000166|55|00|000000468|000|01032024|01032024|3872.07|3854.43|462.53|0.00|0.00|0.00|0.00|0.00|0.00|0.00|0|22244466000133|
|C170|1|PROD001|PECA MECANICA TIPO A|33.57|UN|3872.07|5101|00|3854.43|12.00|462.53|0.00|0.00|0.00|0.00|0.00|0.00|
|C100|1|0|11223344000166|55|00|000000469|000|28032024|28032024|14578.57|12208.18|1464.98|0.00|0.00|0.00|0.00|0.00|0.00|0.00|0|33366699000100|
|C170|1|PROD001|PECA MECANICA TIPO A|46.59|UN|4941.08|6102|51|4748.78|12.00|569.85|0.00|0.00|0.00|0.00|0.00|0.00|
|C170|2|PROD004|PRODUTO ACABADO D|16.51|UN|8620.48|6102|00|7459.40|12.00|895.13|0.00|0.00|0.00|0.00|0.00|0.00|
|C170|3|PROD002|COMPONENTE ELETRICO B|16.68|UN|1017.01|6102|40|0.00|12.00|0.00|0.00|0.00|0.00|0.00|0.00|0.00|
|C100|1|0|11223344000166|55|00|000000470|000|13032024|15032024|13981.43|2170.65|260.48|0.00|0.00|0.00|0.00|0.00|0.00|0.00|0|55512312300010|
|C170|1|PROD002|COMPONENTE ELETRICO B|33.13|UN|2263.04|5101|00|2170.65|12.00|260.48|0.00|0.00|0.00|0.00|0.00|0.00|
|C170|2|PROD008|CONJUNTO MONTADO H|8.10|UN|9040.91|5101|41|0.00|12.00|0.00|0.00|0.00|0.00|0.00|0.00|0.00|
|C170|3|PROD001|PECA MECANICA TIPO A|32.37|UN|2677.48|5101|70|0.00|12.00|0.00|0.00|0.00|0.00|0.00|0.00|0.00|
|C100|1|0|11223344000166|55|00|000000471|000|05032024|07032024|42332.75|33191.69|3983.00|0.00|0.00|0.00|0.00|0.00|0.00|0.00|0|33366699000100|
|C170|1|PROD003|MATERIAL BRUTO C|29.64|UN|9531.09|6101|00|8529.41|12.00|1023.53|0.00|0.00|0.00|0.00|0.00|0.00|
|C170|2|PROD004|PRODUTO ACABADO D|27.50|UN|25697.65|6101|00|24662.28|12.00|2959.47|0.00|0.00|0.00|0.00|0.00|0.00|
|C170|3|PROD004|PRODUTO ACABADO D|12.53|UN|7104.01|6101|30|0.00|12.00|0.00|0.00|0.00|0.00|0.00|0.00|0.00|
|C100|1|0|11223344000166|55|00|000000472|000|28032024|31032024|175.76|160.72|19.29|0.00|0.00|0.00|0.00|0.00|0.00|0.00|0|55512312300010|
|C170|1|PROD006|EMBALAGEM PADRAO F|29.74|UN|175.76|5403|20|160.72|12.00|19.29|0.00|0.00|0.00|0.00|0.00|0.00|
|C100|1|0|11223344000166|55|00|000000473|000|25032024|26032024|42608.42|35146.40|4217.57|0.00|0.00|0.00|0.00|0.00|0.00|0.00|0|33366699000100|
|C170|1|PROD008|CONJUNTO MONTADO H|39.73|UN|33825.95|6102|20|33349.46|12.00|4001.94|0.00|0.00|0.00|0.00|0.00|0.00|
|C170|2|PROD001|PECA MECANICA TIPO A|30.34|UN|2584.49|6102|50|0.00|12.00|0.00|0.00|0.00|0.00|0.00|0.00|0.00|
|C170|3|PROD007|PARTE SOBRESSALENTE G|14.00|UN|2054.51|6102|00|1796.94|12.00|215.63|0.00|0.00|0.00|0.00|0.00|0.00|
|C170|4|PROD001|PECA MECANICA TIPO A|48.24|UN|4143.47|6102|40|0.00|12.00|0.00|0.00|0.00|0.00|0.00|0.00|0.00|
|C100|1|0|11223344000166|55|00|000000474|000|24032024|27032024|11803.61|3151.91|378.23|0.00|0.00|0.00|0.00|0.00|0.00|0.00|0|33366699000100|
|C170|1|PROD003|MATERIAL BRUTO C|1.77|UN|420.59|5401|00|402.49|12.00|48.30|0.00|0.00|0.00|0.00|0.00|0.00|
|C170|2|PROD003|MATERIAL BRUTO C|26.86|UN|8348.54|5401|50|0.00|12.00|0.00|0.00|0.00|0.00|0.00|0.00|0.00|
|C170|3|PROD006|EMBALAGEM PADRAO F|12.50|UN|135.08|5401|40|0.00|12.00|0.00|0.00|0.00|0.00|0.00|0.00|0.00|
|C170|4|PROD007|PARTE SOBRESSALENTE G|33.62|UN|2899.40|5401|10|2749.42|12.00|329.93|0.00|0.00|0.00|0.00|0.00|0.00|
|C100|1|0|11223344000166|55|00|000000475|000|16032024|16032024|30471.33|26112.84|3133.54|0.00|0.00|0.00|0.00|0.00|0.00|0.00|0|77788899000177|
|C170|1|PROD006|EMBALAGEM PADRAO F|9.10|UN|68.98|5102|50|0.00|12.00|0.00|0.00|0.00|0.00|0.00|0.00|0.00|
|C170|2|PROD006|EMBALAGEM PADRAO F|11.77|UN|82.18|5102|50|0.00|12.00|0.00|0.00|0.00|0.00|0.00|0.00|0.00|
|C170|3|PROD008|CONJUNTO MONTADO H|35.69|UN|30320.17|5102|00|26112.84|12.00|3133.54|0.00|0.00|0.00|0.00|0.00|0.00|
|C100|1|0|11223344000166|55|00|000000476|000|16032024|16032024|7707.45|0.00|0.00|0.00|0.00|0.00|0.00|0.00|0.00|0.00|0|33366699000100|
|C170|1|PROD004|PRODUTO ACABADO D|8.25|UN|7707.45|5101|60|0.00|12.00|0.00|0.00|0.00|0.00|0.00|0.00|0.00|
|C100|1|0|11223344000166|55|00|000000477|000|08032024|08032024|25291.38|22208.90|2665.07|0.00|0.00|0.00|0.00|0.00|0.00|0.00|0|22244466000133|
|C170|1|PROD006|EMBALAGEM PADRAO F|3.06|UN|28.90|6102|00|26.70|12.00|3.20|0.00|0.00|0.00|0.00|0.00|0.00|
|C170|2|PROD008|CONJUNTO MONTADO H|25.78|UN|24285.96|6102|20|21266.07|12.00|2551.93|0.00|0.00|0.00|0.00|0.00|0.00|
|C170|3|PROD006|EMBALAGEM PADRAO F|32.93|UN|310.90|6102|00|287.48|12.00|34.50|0.00|0.00|0.00|0.00|0.00|0.00|
|C170|4|PROD006|EMBALAGEM PADRAO F|16.03|UN|168.97|6102|00|144.48|12.00|17.34|0.00|0.00|0.00|0.00|0.00|0.00|
|C170|5|PROD006|EMBALAGEM PADRAO F|48.31|UN|496.65|6102|90|484.17|12.00|58.10|0.00|0.00|0.00|0.00|0.00|0.00|
|C100|1|0|11223344000166|55|00|000000478|000|08032024|09032024|42437.27|17980.87|2157.70|0.00|0.00|0.00|0.00|0.00|0.00|0.00|0|22244466000133|
|C170|1|PROD004|PRODUTO ACABADO D|26.51|UN|16916.51|6102|00|14769.51|12.00|1772.34|0.00|0.00|0.00|0.00|0.00|0.00|
|C170|2|PROD002|COMPONENTE ELETRICO B|35.09|UN|1625.89|6102|90|1448.03|12.00|173.76|0.00|0.00|0.00|0.00|0.00|0.00|
|C170|3|PROD003|MATERIAL BRUTO C|7.14|UN|1878.86|6102|00|1763.33|12.00|211.60|0.00|0.00|0.00|0.00|0.00|0.00|
|C170|4|PROD008|CONJUNTO MONTADO H|25.79|UN|22016.01|6102|50|0.00|12.00|0.00|0.00|0.00|0.00|0.00|0.00|0.00|
|C100|1|0|11223344000166|55|00|000000479|000|17032024|18032024|48840.80|46605.04|5592.61|0.00|0.00|0.00|0.00|0.00|0.00|0.00|0|77788899000177|
|C170|1|PROD001|PECA MECANICA TIPO A|43.38|UN|3480.84|5102|00|3266.97|12.00|392.04|0.00|0.00|0.00|0.00|0.00|0.00|
|C170|2|PROD004|PRODUTO ACABADO D|46.80|UN|45359.96|5102|00|43338.07|12.00|5200.57|0.00|0.00|0.00|0.00|0.00|0.00|
|C100|1|0|11223344000166|55|00|000000480|000|13032024|13032024|14544.98|0.00|0.00|0.00|0.00|0.00|0.00|0.00|0.00|0.00|0|33366699000100|
|C170|1|PROD007|LINHA_CORROMPIDA|
|C170|2|PROD007|PARTE SOBRESSALENTE G|3.31|UN|364.72|5403|40|0.00|12.00|0.00|0.00|0.00|0.00|0.00|0.00|0.00|
|C170|3|PROD004|PRODUTO ACABADO D|19.52|UN|10262.34|5403|50|0.00|12.00|0.00|0.00|0.00|0.00|0.00|0.00|0.00|
|C100|1|0|11223344000166|55|00|000000481|000|24032024|26032024|29816.57|16691.55|2002.99|0.00|0.00|0.00|0.00|0.00|0.00|0.00|0|99900011000155|
|C170|1|PROD003|MATERIAL BRUTO C|36.54|UN|8546.74|5101|30|0.00|12.00|0.00|0.00|0.00|0.00|0.00|0.00|0.00|
|C170|2|PROD008|CONJUNTO MONTADO H|14.19|UN|17580.13|5101|90|16691.55|12.00|2002.99|0.00|0.00|0.00|0.00|0.00|0.00|
|C170|3|PROD004|PRODUTO ACABADO D|4.53|UN|3277.01|5101|70|0.00|12.00|0.00|0.00|0.00|0.00|0.00|0.00|0.00|
|C170|4|PROD005|INSUMO INDUSTRIAL E|27.26|UN|412.69|5101|40|0.00|12.00|0.00|0.00|0.00|0.00|0.00|0.00|0.00|
|C100|1|0|11223344000166|55|00|000000482|000|29032024|31032024|14876.45|13202.09|1584.25|0.00|0.00|0.00|0.00|0.00|0.00|0.00|0|99900011000155|
|C170|1|PROD001|PECA MECANICA TIPO A|34.30|UN|1775.08|5403|10|1594.86|12.00|191.38|0.00|0.00|0.00|0.00|0.00|0.00|
|C170|2|PROD003|MATERIAL BRUTO C|24.56|UN|6944.79|5403|20|6201.08|12.00|744.13|0.00|0.00|0.00|0.00|0.00|0.00|
|C170|3|PROD006|EMBALAGEM PADRAO F|20.79|UN|125.79|5403|40|0.00|12.00|0.00|0.00|0.00|0.00|0.00|0.00|0.00|
|C170|4|PROD008|CONJUNTO MONTADO H|6.74|UN|6030.79|5403|20|5406.15|12.00|648.74|0.00|0.00|0.00|0.00|0.00|0.00|
|C100|1|0|11223344000166|55|00|000000483|000|21032024|22032024|96478.02|93934.02|11272.08|0.00|0.00|0.00|0.00|0.00|0.00|0.00|0|55512312300010|
|C170|1|PROD003|MATERIAL BRUTO C|31.38|UN|6467.52|5102|00|5767.12|12.00|692.05|0.00|0.00|0.00|0.00|0.00|0.00|
|C170|2|PROD008|CONJUNTO MONTADO H|32.23|UN|41175.44|5102|00|41084.32|12.00|4930.12|0.00|0.00|0.00|0.00|0.00|0.00|
|C170|3|PROD008|CONJUNTO MONTADO H|15.90|UN|20786.72|5102|20|19893.95|12.00|2387.27|0.00|0.00|0.00|0.00|0.00|0.00|
|C170|4|PROD008|CONJUNTO MONTADO H|25.42|UN|28048.34|5102|00|27188.63|12.00|3262.64|0.00|0.00|0.00|0.00|0.00|0.00|
|C100|1|0|11223344000166|55|00|000000484|000|12032024|13032024|8595.77|2637.98|316.56|0.00|0.00|0.00|0.00|0.00|0.00|0.00|0|99900011000155|
|C170|1|PROD001|PECA MECANICA TIPO A|37.24|UN|2154.10|6101|00|2076.64|12.00|249.20|0.00|0.00|0.00|0.00|0.00|0.00|
|C170|2|PROD003|MATERIAL BRUTO C|4.24|UN|916.19|6101|50|0.00|12.00|0.00|0.00|0.00|0.00|0.00|0.00|0.00|
|C170|3|PROD005|INSUMO INDUSTRIAL E|15.62|UN|614.49|6101|00|561.34|12.00|67.36|0.00|0.00|0.00|0.00|0.00|0.00|
|C170|4|PROD007|PARTE SOBRESSALENTE G|42.68|UN|4910.99|6101|40|0.00|12.00|0.00|0.00|0.00|0.00|0.00|0.00|0.00|
|C100|1|0|11223344000166|55|00|000000485|000|09032024|11032024|4555.57|4370.45|524.45|0.00|0.00|0.00|0.00|0.00|0.00|0.00|0|77788899000177|
|C170|1|PROD006|EMBALAGEM PADRAO F|9.73|UN|80.66|5101|40|0.00|12.00|0.00|0.00|0.00|0.00|0.00|0.00|0.00|
|C170|2|PROD006|EMBALAGEM PADRAO F|40.40|UN|386.61|5101|00|380.02|12.00|45.60|0.00|0.00|0.00|0.00|0.00|0.00|
|C170|3|PROD007|PARTE SOBRESSALENTE G|27.08|UN|2610.98|5101|00|2526.18|12.00|303.14|0.00|0.00|0.00|0.00|0.00|0.00|
|C170|4|PROD005|INSUMO INDUSTRIAL E|35.96|UN|1477.32|5101|00|1464.25|12.00|175.71|0.00|0.00|0.00|0.00|0.00|0.00|
|C100|1|0|11223344000166|55|00|000000486|000|22032024|23032024|15339.85|4150.62|498.07|0.00|0.00|0.00|0.00|0.00|0.00|0.00|0|77788899000177|
|C170|1|PROD007|PARTE SOBRESSALENTE G|27.48|UN|4103.14|6102|41|0.00|12.00|0.00|0.00|0.00|0.00|0.00|0.00|0.00|
|C170|2|PROD007|PARTE SOBRESSALENTE G|49.08|UN|6854.44|6102|30|0.00|12.00|0.00|0.00|0.00|0.00|0.00|0.00|0.00|
|C170|3|PROD006|EMBALAGEM PADRAO F|39.65|UN|294.61|6102|00|271.60|12.00|32.59|0.00|0.00|0.00|0.00|0.00|0.00|
|C170|4|PROD007|PARTE SOBRESSALENTE G|34.35|UN|4049.39|6102|10|3843.82|12.00|461.26|0.00|0.00|0.00|0.00|0.00|0.00|
|C170|5|PROD006|EMBALAGEM PADRAO F|3.46|UN|38.27|6102|00|35.20|12.00|4.22|0.00|0.00|0.00|0.00|0.00|0.00|
|C100|1|0|11223344000166|55|00|000000487|000|03032024|06032024|40793.63|29368.90|3524.26|0.00|0.00|0.00|0.00|0.00|0.00|0.00|0|99900011000155|
|C170|1|PROD008|CONJUNTO MONTADO H|16.49|UN|18348.38|5102|10|18089.95|12.00|2170.79|0.00|0.00|0.00|0.00|0.00|0.00|
|C170|2|PROD004|PRODUTO ACABADO D|10.82|UN|9353.13|5102|40|0.00|12.00|0.00|0.00|0.00|0.00|0.00|0.00|0.00|
|C170|3|PROD004|PRODUTO ACABADO D|18.42|UN|13092.12|5102|00|11278.95|12.00|1353.47|0.00|0.00|0.00|0.00|0.00|0.00|
|C100|1|0|11223344000166|55|00|000000488|000|21032024|23032024|66779.56|63720.18|7646.42|0.00|0.00|0.00|0.00|0.00|0.00|0.00|0|55512312300010|
|C170|1|PROD003|MATERIAL BRUTO C|11.48|UN|3727.86|6101|20|3223.52|12.00|386.82|0.00|0.00|0.00|0.00|0.00|0.00|
|C170|2|PROD003|MATERIAL BRUTO C|34.90|UN|10517.42|6101|90|9103.31|12.00|1092.40|0.00|0.00|0.00|0.00|0.00|0.00|
|C170|3|PROD003|MATERIAL BRUTO C|26.45|UN|6818.25|6101|00|6148.20|12.00|737.78|0.00|0.00|0.00|0.00|0.00|0.00|
|C170|4|PROD008|CONJUNTO MONTADO H|24.00|UN|23626.56|6101|20|23406.68|12.00|2808.80|0.00|0.00|0.00|0.00|0.00|0.00|
|C170|5|PROD004|PRODUTO ACABADO D|30.41|UN|22089.47|6101|00|21838.47|12.00|2620.62|0.00|0.00|0.00|0.00|0.00|0.00|
|C100|1|0|11223344000166|55|00|000000489|000|27032024|28032024|16048.88|10918.56|1310.22|0.00|0.00|0.00|0.00|0.00|0.00|0.00|0|55512312300010|
|C170|1|PROD003|MATERIAL BRUTO C|29.27|UN|7914.40|6101|20|7041.03|12.00|844.92|0.00|0.00|0.00|0.00|0.00|0.00|
|C170|2|PROD003|MATERIAL BRUTO C|14.17|UN|3938.99|6101|60|0.00|12.00|0.00|0.00|0.00|0.00|0.00|0.00|0.00|
|C170|3|PROD003|MATERIAL BRUTO C|13.51|UN|4195.49|6101|10|3877.53|12.00|465.30|0.00|0.00|0.00|0.00|0.00|0.00|
|C100|1|0|11223344000166|55|00|000000490|000|02032024|05032024|40121.66|38064.08|4567.69|0.00|0.00|0.00|0.00|0.00|0.00|0.00|0|77788899000177|
|C170|1|PROD008|CONJUNTO MONTADO H|29.77|UN|26568.54|5101|10|26271.05|12.00|3152.53|0.00|0.00|0.00|0.00|0.00|0.00|
|C170|2|PROD004|PRODUTO ACABADO D|18.74|UN|13553.12|5101|00|11793.03|12.00|1415.16|0.00|0.00|0.00|0.00|0.00|0.00|
|C100|1|0|11223344000166|55|00|000000491|000|05032024|06032024|2438.04|2289.26|274.71|0.00|0.00|0.00|0.00|0.00|0.00|0.00|0|33366699000100|
|C170|1|PROD002|COMPONENTE ELETRICO B|17.35|UN|846.01|6101|00|767.41|12.00|92.09|0.00|0.00|0.00|0.00|0.00|0.00|
|C170|2|PROD005|INSUMO INDUSTRIAL E|43.69|UN|1592.03|6101|00|1521.85|12.00|182.62|0.00|0.00|0.00|0.00|0.00|0.00|
|C100|1|0|11223344000166|55|00|000000492|000|26032024|27032024|46026.25|45056.21|5406.74|0.00|0.00|0.00|0.00|0.00|0.00|0.00|0|99900011000155|
|C170|1|PROD003|MATERIAL BRUTO C|16.43|UN|4792.98|6101|00|4727.01|12.00|567.24|0.00|0.00|0.00|0.00|0.00|0.00|
|C170|2|PROD008|CONJUNTO MONTADO H|37.51|UN|41175.07|6101|00|40320.62|12.00|4838.47|0.00|0.00|0.00|0.00|0.00|0.00|
|C170|3|PROD006|EMBALAGEM PADRAO F|4.12|UN|49.20|6101|30|0.00|12.00|0.00|0.00|0.00|0.00|0.00|0.00|0.00|
|C170|4|PROD006|EMBALAGEM PADRAO F|1.06|UN|9.00|6101|00|8.58|12.00|1.03|0.00|0.00|0.00|0.00|0.00|0.00|
|C100|1|0|11223344000166|55|00|000000493|000|28032024|30032024|34097.23|316.37|37.96|0.00|0.00|0.00|0.00|0.00|0.00|0.00|0|99900011000155|
|C170|1|PROD006|EMBALAGEM PADRAO F|7.41|UN|65.56|5403|20|58.87|12.00|7.06|0.00|0.00|0.00|0.00|0.00|0.00|
|C170|2|PROD006|EMBALAGEM PADRAO F|42.74|UN|257.73|5403|00|257.50|12.00|30.90|0.00|0.00|0.00|0.00|0.00|0.00|
|C170|3|PROD004|PRODUTO ACABADO D|43.09|UN|33477.39|5403|60|0.00|12.00|0.00|0.00|0.00|0.00|0.00|0.00|0.00|
|C170|4|PROD005|INSUMO INDUSTRIAL E|12.01|UN|296.55|5403|70|0.00|12.00|0.00|0.00|0.00|0.00|0.00|0.00|0.00|
|C100|1|0|11223344000166|55|00|000000494|000|13032024|13032024|25920.51|1896.75|227.61|0.00|0.00|0.00|0.00|0.00|0.00|0.00|0|77788899000177|
|C170|1|PROD002|COMPONENTE ELETRICO B|30.47|UN|1938.69|5401|00|1896.75|12.00|227.61|0.00|0.00|0.00|0.00|0.00|0.00|
|C170|2|PROD004|PRODUTO ACABADO D|26.09|UN|23981.82|5401|40|0.00|12.00|0.00|0.00|0.00|0.00|0.00|0.00|0.00|
|C100|1|0|11223344000166|55|00|000000495|000|02032024|02032024|4330.76|4064.55|487.75|0.00|0.00|0.00|0.00|0.00|0.00|0.00|0|33366699000100|
|C170|1|PROD006|EMBALAGEM PADRAO F|8.98|UN|65.23|6101|00|59.88|12.00|7.19|0.00|0.00|0.00|0.00|0.00|0.00|
|C170|2|PROD001|PECA MECANICA TIPO A|12.90|UN|1213.30|6101|90|1141.44|12.00|136.97|0.00|0.00|0.00|0.00|0.00|0.00|
|C170|3|PROD002|COMPONENTE ELETRICO B|35.92|UN|3052.23|6101|51|2863.23|12.00|343.59|0.00|0.00|0.00|0.00|0.00|0.00|
|C100|1|0|11223344000166|55|00|000000496|000|13032024|15032024|17452.04|10274.47|1232.93|0.00|0.00|0.00|0.00|0.00|0.00|0.00|0|77788899000177|
|C170|1|PROD008|CONJUNTO MONTADO H|8.89|UN|6773.94|6101|00|6048.04|12.00|725.76|0.00|0.00|0.00|0.00|0.00|0.00|
|C170|2|PROD002|COMPONENTE ELETRICO B|13.98|UN|889.28|6101|30|0.00|12.00|0.00|0.00|0.00|0.00|0.00|0.00|0.00|
|C170|3|PROD007|PARTE SOBRESSALENTE G|41.01|UN|4864.90|6101|51|4226.43|12.00|507.17|0.00|0.00|0.00|0.00|0.00|0.00|
|C170|4|PROD007|PARTE SOBRESSALENTE G|5.76|UN|524.98|6101|40|0.00|12.00|0.00|0.00|0.00|0.00|0.00|0.00|0.00|
|C170|5|PROD008|CONJUNTO MONTADO H|4.29|UN|4398.94|6101|40|0.00|12.00|0.00|0.00|0.00|0.00|0.00|0.00|0.00|
|C100|1|0|11223344000166|55|00|000000497|000|02032024|02032024|37935.64|33951.06|4074.13|0.00|0.00|0.00|0.00|0.00|0.00|0.00|0|55512312300010|
|C170|1|PROD005|INSUMO INDUSTRIAL E|27.38|UN|509.25|5101|40|0.00|12.00|0.00|0.00|0.00|0.00|0.00|0.00|0.00|
|C170|2|PROD004|PRODUTO ACABADO D|48.08|UN|37426.39|5101|10|33951.06|12.00|4074.13|0.00|0.00|0.00|0.00|0.00|0.00|
|C100|1|0|11223344000166|55|00|000000498|000|12032024|12032024|16910.33|2166.12|259.93|0.00|0.00|0.00|0.00|0.00|0.00|0.00|0|22244466000133|
|C170|1|PROD001|PECA MECANICA TIPO A|20.77|UN|1142.83|5403|00|1087.03|12.00|130.44|0.00|0.00|0.00|0.00|0.00|0.00|
|C170|2|PROD007|PARTE SOBRESSALENTE G|13.37|UN|1185.74|5403|00|1079.09|12.00|129.49|0.00|0.00|0.00|0.00|0.00|0.00|
|C170|3|PROD008|CONJUNTO MONTADO H|11.04|UN|14581.76|5403|40|0.00|12.00|0.00|0.00|0.00|0.00|0.00|0.00|0.00|
|C100|1|0|11223344000166|55|00|000000499|000|23032024|25032024|22615.09|20598.15|2471.78|0.00|0.00|0.00|0.00|0.00|0.00|0.00|0|22244466000133|
|C170|1|PROD004|PRODUTO ACABADO D|41.99|UN|22615.09|5401|10|20598.15|12.00|2471.78|0.00|0.00|0.00|0.00|0.00|0.00|
|C100|1|0|11223344000166|55|00|000000500|000|04032024|07032024|10217.55|2111.40|253.37|0.00|0.00|0.00|0.00|0.00|0.00|0.00|0|55512312300010|
|C170|1|PROD008|CONJUNTO MONTADO H|6.51|UN|7336.32|5403|41|0.00|12.00|0.00|0.00|0.00|0.00|0.00|0.00|0.00|
|C170|2|PROD005|INSUMO INDUSTRIAL E|35.42|UN|1192.88|5403|90|1049.06|12.00|125.89|0.00|0.00|0.00|0.00|0.00|0.00|
|C170|3|PROD005|INSUMO INDUSTRIAL E|31.74|UN|1208.98|5403|51|1062.34|12.00|127.48|0.00|0.00|0.00|0.00|0.00|0.00|
|C170|4|PROD005|INSUMO INDUSTRIAL E|17.52|UN|479.37|5403|40|0.00|12.00|0.00|0.00|0.00|0.00|0.00|0.00|0.00|
|C990|1989|
|E001|0|
|E100|01032024|31032024|
|E110|703521.67|0.00|0.00|703521.67|19.17|0.00|0.00|0.00|0.00|0.00|208310.69|208310.69|0.00|0.00|0.00|0.00|0.00|0.00|0.00|0.00|495191.81|
|E990|4|
|9001|0|
|9900|0000|1|
|9900|0001|1|
|9900|0005|1|
|9900|0150|5|
|9900|0990|1|
|9900|9001|1|
|9900|C001|1|
|9900|C100|500|
|9900|C170|1487|
|9900|C990|1|
|9900|E001|1|
|9900|E100|1|
|9900|E110|1|
|9900|E990|1|
|9990|17|
|9999|2019|
