|0000|LEIAUTE 17|01022024|29022024|98765432000188|BETA INDUSTRIA METALURGICA SA|MG|222222222222||BELO HORIZONTE|3106200|0|0|
|0001|0|
|0005|BETA INDUSTRIA METALURGICA SA|XX.XXX.XXX/XXXX-XX|98765432000188|contato@empresa.com.br|(11) 0000-0000|
|0150|55512312300010|FORNECEDOR NACIONAL LTDA|SP|444444444444||||55512312300010||
|0150|77788899000177|CLIENTE VAREJO SA|RJ|555555555555||||77788899000177||
|0150|33366699000100|DISTRIBUIDORA CENTRO OESTE|GO|666666666666||||33366699000100||
|0150|22244466000133|INDUSTRIA DO NORTE LTDA|PA|777777777777||||22244466000133||
|0150|99900011000155|ATACADO SUL COMERCIO|SC|888888888888||||99900011000155||
|0990|9|
|C001|0|
|C100|1|0|98765432000188|55|00|000000001|000|07022024|07022024|2422.40|2040.71|244.89|0.00|0.00|0.00|0.00|0.00|0.00|0.00|0|55512312300010|
|C170|1|PROD002|COMPONENTE ELETRICO B|33.08|UN|2283.72|5401|10|1964.38|12.00|235.73|0.00|0.00|0.00|0.00|0.00|0.00|
|C170|2|PROD006|EMBALAGEM PADRAO F|5.24|UN|59.35|5401|40|0.00|12.00|0.00|0.00|0.00|0.00|0.00|0.00|0.00|
|C170|3|PROD006|EMBALAGEM PADRAO F|10.62|UN|79.33|5401|10|76.33|12.00|9.16|0.00|0.00|0.00|0.00|0.00|0.00|
|C100|1|0|98765432000188|55|00|000000002|000|10022024|11022024|45447.13|29803.68|3576.44|0.00|0.00|0.00|0.00|0.00|0.00|0.00|0|99900011000155|
|C170|1|PROD003|MATERIAL BRUTO C|41.20|UN|8464.75|6102|40|0.00|12.00|0.00|0.00|0.00|0.00|0.00|0.00|0.00|
|C170|2|PROD007|PARTE SOBRESSALENTE G|38.26|UN|3487.42|6102|40|0.00|12.00|0.00|0.00|0.00|0.00|0.00|0.00|0.00|
|C170|3|PROD003|MATERIAL BRUTO C|35.78|UN|10801.13|6102|90|9811.51|12.00|1177.38|0.00|0.00|0.00|0.00|0.00|0.00|
|C170|4|PROD004|PRODUTO ACABADO D|22.08|UN|21572.16|6102|10|18871.28|12.00|2264.55|0.00|0.00|0.00|0.00|0.00|0.00|
|C170|5|PROD005|INSUMO INDUSTRIAL E|36.67|UN|1121.67|6102|10|1120.89|12.00|134.51|0.00|0.00|0.00|0.00|0.00|0.00|
|C100|1|0|98765432000188|55|00|000000003|000|29022024|01032024|307.36|271.30|32.56|0.00|0.00|0.00|0.00|0.00|0.00|0.00|0|55512312300010|
|C170|1|PROD006|EMBALAGEM PADRAO F|28.64|UN|307.36|5401|20|271.30|12.00|32.56|0.00|0.00|0.00|0.00|0.00|0.00|
|C100|1|0|98765432000188|55|00|000000004|000|10022024|12022024|2565.25|0.00|0.00|0.00|0.00|0.00|0.00|0.00|0.00|0.00|0|22244466000133|
|C170|1|PROD001|PECA MECANICA TIPO A|10.63|UN|709.30|6102|40|0.00|12.00|0.00|0.00|0.00|0.00|0.00|0.00|0.00|
|C170|2|PROD001|PECA MECANICA TIPO A|28.86|UN|1855.95|6102|40|0.00|12.00|0.00|0.00|0.00|0.00|0.00|0.00|0.00|
|C100|1|0|98765432000188|55|00|000000005|000|23022024|23022024|5635.90|4051.96|486.23|0.00|0.00|0.00|0.00|0.00|0.00|0.00|0|22244466000133|
|C170|1|PROD007|PARTE SOBRESSALENTE G|7.00|UN|1082.38|5102|40|0.00|12.00|0.00|0.00|0.00|0.00|0.00|0.00|0.00|
|C170|2|PROD002|COMPONENTE ELETRICO B|28.00|UN|1020.45|5102|00|1000.11|12.00|120.01|0.00|0.00|0.00|0.00|0.00|0.00|
|C170|3|PROD002|COMPONENTE ELETRICO B|4.81|UN|268.37|5102|20|241.85|12.00|29.02|0.00|0.00|0.00|0.00|0.00|0.00|
|C170|4|PROD001|PECA MECANICA TIPO A|41.63|UN|3264.70|5102|20|2810.00|12.00|337.20|0.00|0.00|0.00|0.00|0.00|0.00|
|C100|1|0|98765432000188|55|00|000000006|000|23022024|24022024|5946.10|5305.20|636.62|0.00|0.00|0.00|0.00|0.00|0.00|0.00|0|77788899000177|
|C170|1|PROD001|PECA MECANICA TIPO A|48.54|UN|5793.74|5101|10|5305.20|12.00|636.62|0.00|0.00|0.00|0.00|0.00|0.00|
|C170|2|PROD002|COMPONENTE ELETRICO B|2.64|UN|152.36|5101|41|0.00|12.00|0.00|0.00|0.00|0.00|0.00|0.00|0.00|
|C100|1|0|98765432000188|55|00|000000007|000|08022024|08022024|27884.49|22006.60|2640.79|0.00|0.00|0.00|0.00|0.00|0.00|0.00|0|77788899000177|
|C170|1|PROD001|PECA MECANICA TIPO A|43.72|UN|2705.64|5102|41|0.00|12.00|0.00|0.00|0.00|0.00|0.00|0.00|0.00|
|C170|2|PROD004|PRODUTO ACABADO D|24.14|UN|22827.61|5102|10|20573.17|12.00|2468.78|0.00|0.00|0.00|0.00|0.00|0.00|
|C170|3|PROD005|INSUMO INDUSTRIAL E|44.14|UN|738.50|5102|60|0.00|12.00|0.00|0.00|0.00|0.00|0.00|0.00|0.00|
|C170|4|PROD001|PECA MECANICA TIPO A|14.81|UN|1612.74|5102|20|1433.43|12.00|172.01|0.00|0.00|0.00|0.00|0.00|0.00|
|C100|1|0|98765432000188|55|00|000000008|000|04022024|06022024|21508.59|13925.01|1671.00|0.00|0.00|0.00|0.00|0.00|0.00|0.00|0|33366699000100|
|C170|1|PROD004|PRODUTO ACABADO D|18.42|UN|15566.05|5401|90|13925.01|12.00|1671.00|0.00|0.00|0.00|0.00|0.00|0.00|
|C170|2|PROD007|PARTE SOBRESSALENTE G|40.73|UN|5942.54|5401|30|0.00|12.00|0.00|0.00|0.00|0.00|0.00|0.00|0.00|
|C100|1|0|98765432000188|55|00|000000009|000|05022024|08022024|64798.56|61011.57|7321.39|0.00|0.00|0.00|0.00|0.00|0.00|0.00|0|33366699000100|
|C170|1|PROD005|INSUMO INDUSTRIAL E|38.33|UN|681.56|6102|00|654.55|12.00|78.55|0.00|0.00|0.00|0.00|0.00|0.00|
|C170|2|PROD001|PECA MECANICA TIPO A|24.34|UN|1642.46|6102|00|1609.10|12.00|193.09|0.00|0.00|0.00|0.00|0.00|0.00|
|C170|3|PROD001|PECA MECANICA TIPO A|4.65|UN|382.56|6102|00|349.30|12.00|41.92|0.00|0.00|0.00|0.00|0.00|0.00|
|C170|4|PROD005|INSUMO INDUSTRIAL E|49.67|UN|1615.14|6102|00|1473.10|12.00|176.77|0.00|0.00|0.00|0.00|0.00|0.00|
|C170|5|PROD008|CONJUNTO MONTADO H|43.42|UN|60476.84|6102|00|56925.52|12.00|6831.06|0.00|0.00|0.00|0.00|0.00|0.00|
|C100|1|0|98765432000188|55|00|000000010|000|17022024|18022024|44460.24|40792.04|4895.04|0.00|0.00|0.00|0.00|0.00|0.00|0.00|0|77788899000177|
|C170|1|PROD002|COMPONENTE ELETRICO B|25.95|UN|1389.77|5101|00|1311.72|12.00|157.41|0.00|0.00|0.00|0.00|0.00|0.00|
|C170|2|PROD004|PRODUTO ACABADO D|37.58|UN|35024.74|5101|10|33386.37|12.00|4006.36|0.00|0.00|0.00|0.00|0.00|0.00|
|C170|3|PROD006|EMBALAGEM PADRAO F|42.85|UN|447.36|5101|40|0.00|12.00|0.00|0.00|0.00|0.00|0.00|0.00|0.00|
|C170|4|PROD002|COMPONENTE ELETRICO B|12.97|UN|833.71|5101|60|0.00|12.00|0.00|0.00|0.00|0.00|0.00|0.00|0.00|
|C170|5|PROD004|PRODUTO ACABADO D|7.78|UN|6764.66|5101|20|6093.95|12.00|731.27|0.00|0.00|0.00|0.00|0.00|0.00|
|C100|1|0|98765432000188|55|00|000000011|000|28022024|01032024|83893.71|79235.13|9508.22|0.00|0.00|0.00|0.00|0.00|0.00|0.00|0|33366699000100|
|C170|1|PROD007|PARTE SOBRESSALENTE G|27.23|UN|2195.14|6102|40|0.00|12.00|0.00|0.00|0.00|0.00|0.00|0.00|0.00|
|C170|2|PROD008|CONJUNTO MONTADO H|40.40|UN|55473.00|6102|90|53301.11|12.00|6396.13|0.00|0.00|0.00|0.00|0.00|0.00|
|C170|3|PROD006|EMBALAGEM PADRAO F|45.49|UN|375.31|6102|10|356.46|12.00|42.78|0.00|0.00|0.00|0.00|0.00|0.00|
|C170|4|PROD004|PRODUTO ACABADO D|37.62|UN|25850.26|6102|00|25577.56|12.00|3069.31|0.00|0.00|0.00|0.00|0.00|0.00|
|C100|1|0|98765432000188|55|00|000000012|000|21022024|24022024|92040.35|4625.01|555.00|0.00|0.00|0.00|0.00|0.00|0.00|0.00|0|99900011000155|
|C170|1|PROD008|CONJUNTO MONTADO H|47.68|UN|66675.20|6101|40|0.00|12.00|0.00|0.00|0.00|0.00|0.00|0.00|0.00|
|C170|2|PROD003|MATERIAL BRUTO C|2.21|UN|667.41|6101|10|666.77|12.00|80.01|0.00|0.00|0.00|0.00|0.00|0.00|
|C170|3|PROD004|PRODUTO ACABADO D|24.01|UN|20734.08|6101|41|0.00|12.00|0.00|0.00|0.00|0.00|0.00|0.00|0.00|
|C170|4|PROD007|PARTE SOBRESSALENTE G|35.06|UN|3963.66|6101|00|3958.24|12.00|474.99|0.00|0.00|0.00|0.00|0.00|0.00|
|C100|1|0|98765432000188|55|00|000000013|000|04022024|05022024|122050.12|88275.47|10593.05|0.00|0.00|0.00|0.00|0.00|0.00|0.00|0|77788899000177|
|C170|1|PROD008|CONJUNTO MONTADO H|35.38|UN|28223.25|5102|41|0.00|12.00|0.00|0.00|0.00|0.00|0.00|0.00|0.00|
|C170|2|PROD001|PECA MECANICA TIPO A|1.05|UN|121.29|5102|90|110.22|12.00|13.23|0.00|0.00|0.00|0.00|0.00|0.00|
|C170|3|PROD007|PARTE SOBRESSALENTE G|18.08|UN|2437.14|5102|00|2339.29|12.00|280.71|0.00|0.00|0.00|0.00|0.00|0.00|
|C170|4|PROD008|CONJUNTO MONTADO H|45.66|UN|43485.21|5102|10|38777.10|12.00|4653.25|0.00|0.00|0.00|0.00|0.00|0.00|
|C170|5|PROD008|CONJUNTO MONTADO H|42.32|UN|47783.23|5102|10|47048.86|12.00|5645.86|0.00|0.00|0.00|0.00|0.00|0.00|
|C100|1|0|98765432000188|55|00|000000014|000|03022024|05022024|15440.11|15242.91|1829.15|0.00|0.00|0.00|0.00|0.00|0.00|0.00|0|77788899000177|
|C170|1|PROD008|CONJUNTO MONTADO H|18.01|UN|15440.11|5101|00|15242.91|12.00|1829.15|0.00|0.00|0.00|0.00|0.00|0.00|
|C100|1|0|98765432000188|55|00|000000015|000|05022024|08022024|14777.88|13949.78|1673.97|0.00|0.00|0.00|0.00|0.00|0.00|0.00|0|99900011000155|
|C170|1|PROD003|MATERIAL BRUTO C|31.01|UN|7635.23|5403|20|7421.43|12.00|890.57|0.00|0.00|0.00|0.00|0.00|0.00|
|C170|2|PROD003|MATERIAL BRUTO C|27.79|UN|7142.65|5403|20|6528.35|12.00|783.40|0.00|0.00|0.00|0.00|0.00|0.00|
|C100|1|0|98765432000188|55|00|000000016|000|19022024|22022024|3380.84|0.00|0.00|0.00|0.00|0.00|0.00|0.00|0.00|0.00|0|99900011000155|
|C170|1|PROD001|PECA MECANICA TIPO A|37.22|UN|2816.29|6102|30|0.00|12.00|0.00|0.00|0.00|0.00|0.00|0.00|0.00|
|C170|2|PROD002|COMPONENTE ELETRICO B|9.46|UN|564.55|6102|60|0.00|12.00|0.00|0.00|0.00|0.00|0.00|0.00|0.00|
|C100|1|0|98765432000188|55|00|000000017|000|13022024|15022024|18436.20|17167.37|2060.09|0.00|0.00|0.00|0.00|0.00|0.00|0.00|0|33366699000100|
|C170|1|PROD003|MATERIAL BRUTO C|34.58|UN|9632.18|6102|51|8965.05|12.00|1075.81|0.00|0.00|0.00|0.00|0.00|0.00|
|C170|2|PROD004|PRODUTO ACABADO D|11.33|UN|8804.02|6102|51|8202.32|12.00|984.28|0.00|0.00|0.00|0.00|0.00|0.00|
|C100|1|0|98765432000188|55|00|000000018|000|17022024|19022024|44044.91|33220.29|3986.43|0.00|0.00|0.00|0.00|0.00|0.00|0.00|0|77788899000177|
|C170|1|PROD008|CONJUNTO MONTADO H|10.92|UN|7766.84|5403|40|0.00|12.00|0.00|0.00|0.00|0.00|0.00|0.00|0.00|
|C170|2|PROD006|EMBALAGEM PADRAO F|19.98|UN|114.31|5403|00|103.92|12.00|12.47|0.00|0.00|0.00|0.00|0.00|0.00|
|C170|3|PROD004|PRODUTO ACABADO D|44.72|UN|33393.46|5403|00|33116.37|12.00|3973.96|0.00|0.00|0.00|0.00|0.00|0.00|
|C170|4|PROD001|PECA MECANICA TIPO A|35.35|UN|2770.30|5403|40|0.00|12.00|0.00|0.00|0.00|0.00|0.00|0.00|0.00|
|C100|1|0|98765432000188|55|00|000000019|000|27022024|29022024|13742.88|6760.06|811.21|0.00|0.00|0.00|0.00|0.00|0.00|0.00|0|99900011000155|
|C170|1|PROD003|MATERIAL BRUTO C|12.74|UN|4177.94|6102|40|0.00|12.00|0.00|0.00|0.00|0.00|0.00|0.00|0.00|
|C170|2|PROD001|PECA MECANICA TIPO A|43.06|UN|4202.62|6102|00|3632.13|12.00|435.86|0.00|0.00|0.00|0.00|0.00|0.00|
|C170|3|PROD001|PECA MECANICA TIPO A|35.95|UN|3533.46|6102|10|3127.93|12.00|375.35|0.00|0.00|0.00|0.00|0.00|0.00|
|C170|4|PROD007|PARTE SOBRESSALENTE G|19.39|UN|1828.86|6102|41|0.00|12.00|0.00|0.00|0.00|0.00|0.00|0.00|0.00|
|C100|1|0|98765432000188|55|00|000000020|000|17022024|19022024|20125.08|10293.79|1235.25|0.00|0.00|0.00|0.00|0.00|0.00|0.00|0|77788899000177|
|C170|1|PROD003|MATERIAL BRUTO C|32.15|UN|8617.32|5401|60|0.00|12.00|0.00|0.00|0.00|0.00|0.00|0.00|0.00|
|C170|2|PROD003|MATERIAL BRUTO C|42.82|UN|10994.81|5401|00|10293.79|12.00|1235.25|0.00|0.00|0.00|0.00|0.00|0.00|
|C170|3|PROD001|PECA MECANICA TIPO A|4.72|UN|512.95|5401|40|0.00|12.00|0.00|0.00|0.00|0.00|0.00|0.00|0.00|
|C100|1|0|98765432000188|55|00|000000021|000|10022024|13022024|34347.67|32595.03|3911.40|0.00|0.00|0.00|0.00|0.00|0.00|0.00|0|99900011000155|
|C170|1|PROD004|PRODUTO ACABADO D|49.14|UN|34347.67|5101|00|32595.03|12.00|3911.40|0.00|0.00|0.00|0.00|0.00|0.00|
|C100|1|0|98765432000188|55|00|000000022|000|06022024|09022024|17539.52|13291.77|1595.01|0.00|0.00|0.00|0.00|0.00|0.00|0.00|0|55512312300010|
|C170|1|PROD004|PRODUTO ACABADO D|13.83|UN|11297.17|5101|00|11007.93|12.00|1320.95|0.00|0.00|0.00|0.00|0.00|0.00|
|C170|2|PROD001|PECA MECANICA TIPO A|31.59|UN|3589.46|5101|40|0.00|12.00|0.00|0.00|0.00|0.00|0.00|0.00|0.00|
|C170|3|PROD001|PECA MECANICA TIPO A|44.67|UN|2652.89|5101|10|2283.84|12.00|274.06|0.00|0.00|0.00|0.00|0.00|0.00|
|C100|1|0|98765432000188|55|00|000000023|000|14022024|17022024|13316.63|5429.38|651.52|0.00|0.00|0.00|0.00|0.00|0.00|0.00|0|55512312300010|
|C170|1|PROD005|INSUMO INDUSTRIAL E|11.82|UN|441.55|6102|60|0.00|12.00|0.00|0.00|0.00|0.00|0.00|0.00|0.00|
|C170|2|PROD003|MATERIAL BRUTO C|22.10|UN|4605.22|6102|00|4386.45|12.00|526.37|0.00|0.00|0.00|0.00|0.00|0.00|
|C170|3|PROD008|CONJUNTO MONTADO H|8.49|UN|7200.54|6102|30|0.00|12.00|0.00|0.00|0.00|0.00|0.00|0.00|0.00|
|C170|4|PROD007|PARTE SOBRESSALENTE G|10.56|UN|1069.32|6102|00|1042.93|12.00|125.15|0.00|0.00|0.00|0.00|0.00|0.00|
|C100|1|0|98765432000188|55|00|000000024|000|03022024|03022024|354.55|310.35|37.24|0.00|0.00|0.00|0.00|0.00|0.00|0.00|0|22244466000133|
|C170|1|PROD006|EMBALAGEM PADRAO F|38.04|UN|354.55|6102|10|310.35|12.00|37.24|0.00|0.00|0.00|0.00|0.00|0.00|
|C100|1|0|98765432000188|55|00|000000025|000|12022024|12022024|60392.98|31998.14|3839.77|0.00|0.00|0.00|0.00|0.00|0.00|0.00|0|55512312300010|
|C170|1|PROD004|PRODUTO ACABADO D|33.20|UN|28966.17|5403|20|24971.35|12.00|2996.56|0.00|0.00|0.00|0.00|0.00|0.00|
|C170|2|PROD003|MATERIAL BRUTO C|23.30|UN|7317.05|5403|10|7026.79|12.00|843.21|0.00|0.00|0.00|0.00|0.00|0.00|
|C170|3|PROD003|MATERIAL BRUTO C|4.23|UN|1204.03|5403|41|0.00|12.00|0.00|0.00|0.00|0.00|0.00|0.00|0.00|
|C170|4|PROD008|CONJUNTO MONTADO H|28.07|UN|22905.73|5403|41|0.00|12.00|0.00|0.00|0.00|0.00|0.00|0.00|0.00|
|C100|1|0|98765432000188|55|00|000000026|000|06022024|07022024|717.39|27.40|3.29|0.00|0.00|0.00|0.00|0.00|0.00|0.00|0|99900011000155|
|C170|1|PROD005|INSUMO INDUSTRIAL E|27.89|UN|687.05|5101|40|0.00|12.00|0.00|0.00|0.00|0.00|0.00|0.00|0.00|
|C170|2|PROD006|EMBALAGEM PADRAO F|3.33|UN|30.34|5101|90|27.40|12.00|3.29|0.00|0.00|0.00|0.00|0.00|0.00|
|C100|1|0|98765432000188|55|00|000000027|000|28022024|02032024|29047.08|2472.71|296.72|0.00|0.00|0.00|0.00|0.00|0.00|0.00|0|55512312300010|
|C170|1|PROD001|PECA MECANICA TIPO A|48.28|UN|5289.82|5403|41|0.00|12.00|0.00|0.00|0.00|0.00|0.00|0.00|0.00|
|C170|2|PROD008|CONJUNTO MONTADO H|24.38|UN|20960.00|5403|40|0.00|12.00|0.00|0.00|0.00|0.00|0.00|0.00|0.00|
|C170|3|PROD002|COMPONENTE ELETRICO B|14.65|UN|1179.10|5403|00|1159.19|12.00|139.10|0.00|0.00|0.00|0.00|0.00|0.00|
|C170|4|PROD005|INSUMO INDUSTRIAL E|15.47|UN|254.67|5403|50|0.00|12.00|0.00|0.00|0.00|0.00|0.00|0.00|0.00|
|C170|5|PROD002|COMPONENTE ELETRICO B|34.71|UN|1363.49|5403|00|1313.52|12.00|157.62|0.00|0.00|0.00|0.00|0.00|0.00|
|C100|1|0|98765432000188|55|00|000000028|000|09022024|12022024|2196.73|0.00|0.00|0.00|0.00|0.00|0.00|0.00|0.00|0.00|0|22244466000133|
|C170|1|PROD005|INSUMO INDUSTRIAL E|14.80|UN|241.01|5102|60|0.00|12.00|0.00|0.00|0.00|0.00|0.00|0.00|0.00|
|C170|2|PROD005|INSUMO INDUSTRIAL E|47.49|UN|1955.72|5102|50|0.00|12.00|0.00|0.00|0.00|0.00|0.00|0.00|0.00|
|C100|1|0|98765432000188|55|00|000000029|000|21022024|24022024|13475.21|11936.29|1432.36|0.00|0.00|0.00|0.00|0.00|0.00|0.00|0|22244466000133|
|C170|1|PROD002|COMPONENTE ELETRICO B|42.31|UN|2577.28|5401|10|2393.47|12.00|287.22|0.00|0.00|0.00|0.00|0.00|0.00|
|C170|2|PROD005|INSUMO INDUSTRIAL E|10.36|UN|431.10|5401|30|0.00|12.00|0.00|0.00|0.00|0.00|0.00|0.00|0.00|
|C170|3|PROD003|MATERIAL BRUTO C|32.39|UN|10466.83|5401|00|9542.82|12.00|1145.14|0.00|0.00|0.00|0.00|0.00|0.00|
|C100|1|0|98765432000188|55|00|000000030|000|27022024|28022024|978.26|953.30|114.40|0.00|0.00|0.00|0.00|0.00|0.00|0.00|0|77788899000177|
|C170|1|PROD005|INSUMO INDUSTRIAL E|40.80|UN|978.26|6101|00|953.30|12.00|114.40|0.00|0.00|0.00|0.00|0.00|0.00|
|C100|1|0|98765432000188|55|00|000000031|000|28022024|02032024|583.24|0.00|0.00|0.00|0.00|0.00|0.00|0.00|0.00|0.00|0|99900011000155|
|C170|1|PROD003|MATERIAL BRUTO C|2.36|UN|583.24|6102|40|0.00|12.00|0.00|0.00|0.00|0.00|0.00|0.00|0.00|
|C100|1|0|98765432000188|55|00|000000032|000|15022024|18022024|240.20|224.79|26.97|0.00|0.00|0.00|0.00|0.00|0.00|0.00|0|77788899000177|
|C170|1|PROD001|PECA MECANICA TIPO A|3.55|UN|240.20|5102|00|224.79|12.00|26.97|0.00|0.00|0.00|0.00|0.00|0.00|
|C100|1|0|98765432000188|55|00|000000033|000|19022024|19022024|15353.76|0.00|0.00|0.00|0.00|0.00|0.00|0.00|0.00|0.00|0|77788899000177|
|C170|1|PROD004|PRODUTO ACABADO D|24.74|UN|15353.76|6102|40|0.00|12.00|0.00|0.00|0.00|0.00|0.00|0.00|0.00|
|C100|1|0|98765432000188|55|00|000000034|000|07022024|09022024|59535.96|16621.65|1994.60|0.00|0.00|0.00|0.00|0.00|0.00|0.00|0|55512312300010|
|C170|1|PROD005|INSUMO INDUSTRIAL E|26.97|UN|644.54|5401|70|0.00|12.00|0.00|0.00|0.00|0.00|0.00|0.00|0.00|
|C170|2|PROD008|CONJUNTO MONTADO H|37.96|UN|39297.23|5401|41|0.00|12.00|0.00|0.00|0.00|0.00|0.00|0.00|0.00|
|C170|3|PROD006|EMBALAGEM PADRAO F|30.34|UN|237.60|5401|70|0.00|12.00|0.00|0.00|0.00|0.00|0.00|0.00|0.00|
|C170|4|PROD008|CONJUNTO MONTADO H|22.68|UN|19356.59|5401|10|16621.65|12.00|1994.60|0.00|0.00|0.00|0.00|0.00|0.00|
|C100|1|0|98765432000188|55|00|000000035|000|28022024|02032024|1698.08|1574.99|189.00|0.00|0.00|0.00|0.00|0.00|0.00|0.00|0|33366699000100|
|C170|1|PROD002|COMPONENTE ELETRICO B|28.36|UN|1698.08|5401|00|1574.99|12.00|189.00|0.00|0.00|0.00|0.00|0.00|0.00|
|C100|1|0|98765432000188|55|00|000000036|000|17022024|18022024|3272.09|3060.09|367.21|0.00|0.00|0.00|0.00|0.00|0.00|0.00|0|77788899000177|
|C170|1|PROD007|PARTE SOBRESSALENTE G|29.70|UN|3045.62|5401|10|2854.14|12.00|342.50|0.00|0.00|0.00|0.00|0.00|0.00|
|C170|2|PROD006|EMBALAGEM PADRAO F|38.91|UN|226.47|5401|00|205.95|12.00|24.71|0.00|0.00|0.00|0.00|0.00|0.00|
|C100|1|0|98765432000188|55|00|000000037|000|16022024|19022024|10283.66|9057.38|1086.89|0.00|0.00|0.00|0.00|0.00|0.00|0.00|0|33366699000100|
|C170|1|PROD006|EMBALAGEM PADRAO F|28.47|UN|331.12|5401|70|0.00|12.00|0.00|0.00|0.00|0.00|0.00|0.00|0.00|
|C170|2|PROD004|PRODUTO ACABADO D|11.63|UN|9952.54|5401|20|9057.38|12.00|1086.89|0.00|0.00|0.00|0.00|0.00|0.00|
|C100|1|0|98765432000188|55|00|000000038|000|03022024|06022024|1168.54|1056.40|126.77|0.00|0.00|0.00|0.00|0.00|0.00|0.00|0|99900011000155|
|C170|1|PROD003|MATERIAL BRUTO C|4.29|UN|1074.71|5401|20|1056.40|12.00|126.77|0.00|0.00|0.00|0.00|0.00|0.00|
|C170|2|PROD006|EMBALAGEM PADRAO F|8.68|UN|93.83|5401|70|0.00|12.00|0.00|0.00|0.00|0.00|0.00|0.00|0.00|
|C100|1|0|98765432000188|55|00|000000039|000|25022024|26022024|24305.29|19814.27|2377.71|0.00|0.00|0.00|0.00|0.00|0.00|0.00|0|77788899000177|
|C170|1|PROD008|CONJUNTO MONTADO H|18.54|UN|20753.84|5101|00|19814.27|12.00|2377.71|0.00|0.00|0.00|0.00|0.00|0.00|
|C170|2|PROD007|PARTE SOBRESSALENTE G|42.61|UN|3551.45|5101|40|0.00|12.00|0.00|0.00|0.00|0.00|0.00|0.00|0.00|
|C100|1|0|98765432000188|55|00|000000040|000|07022024|08022024|31384.80|5171.11|620.53|0.00|0.00|0.00|0.00|0.00|0.00|0.00|0|33366699000100|
|C170|1|PROD007|PARTE SOBRESSALENTE G|13.44|UN|1946.29|6101|20|1864.49|12.00|223.74|0.00|0.00|0.00|0.00|0.00|0.00|
|C170|2|PROD008|CONJUNTO MONTADO H|23.31|UN|21685.99|6101|40|0.00|12.00|0.00|0.00|0.00|0.00|0.00|0.00|0.00|
|C170|3|PROD003|MATERIAL BRUTO C|10.88|UN|3596.18|6101|20|3306.62|12.00|396.79|0.00|0.00|0.00|0.00|0.00|0.00|
|C170|4|PROD007|PARTE SOBRESSALENTE G|14.50|UN|1842.41|6101|40|0.00|12.00|0.00|0.00|0.00|0.00|0.00|0.00|0.00|
|C170|5|PROD001|PECA MECANICA TIPO A|29.22|UN|2313.93|6101|30|0.00|12.00|0.00|0.00|0.00|0.00|0.00|0.00|0.00|
|C100|1|0|98765432000188|55|00|000000041|000|10022024|12022024|27149.26|25075.34|3009.04|0.00|0.00|0.00|0.00|0.00|0.00|0.00|0|99900011000155|
|C170|1|PROD005|INSUMO INDUSTRIAL E|19.86|UN|716.03|5403|00|630.17|12.00|75.62|0.00|0.00|0.00|0.00|0.00|0.00|
|C170|2|PROD008|CONJUNTO MONTADO H|34.67|UN|24785.26|5403|20|24445.17|12.00|2933.42|0.00|0.00|0.00|0.00|0.00|0.00|
|C170|3|PROD002|COMPONENTE ELETRICO B|20.67|UN|1647.97|5403|40|0.00|12.00|0.00|0.00|0.00|0.00|0.00|0.00|0.00|
|C100|1|0|98765432000188|55|00|000000042|000|02022024|02022024|283.66|268.31|32.20|0.00|0.00|0.00|0.00|0.00|0.00|0.00|0|55512312300010|
|C170|1|PROD006|EMBALAGEM PADRAO F|25.35|UN|283.66|5401|20|268.31|12.00|32.20|0.00|0.00|0.00|0.00|0.00|0.00|
|C100|1|0|98765432000188|55|00|000000043|000|02022024|05022024|8910.69|3376.55|405.19|0.00|0.00|0.00|0.00|0.00|0.00|0.00|0|77788899000177|
|C170|1|PROD007|PARTE SOBRESSALENTE G|25.64|UN|3677.80|6102|20|3376.55|12.00|405.19|0.00|0.00|0.00|0.00|0.00|0.00|
|C170|2|PROD008|CONJUNTO MONTADO H|4.35|UN|5232.89|6102|70|0.00|12.00|0.00|0.00|0.00|0.00|0.00|0.00|0.00|
|C100|1|0|98765432000188|55|00|000000044|000|19022024|19022024|22170.78|18068.43|2168.21|0.00|0.00|0.00|0.00|0.00|0.00|0.00|0|99900011000155|
|C170|1|PROD005|INSUMO INDUSTRIAL E|16.10|UN|271.96|5403|00|253.11|12.00|30.37|0.00|0.00|0.00|0.00|0.00|0.00|
|C170|2|PROD002|COMPONENTE ELETRICO B|17.26|UN|1463.91|5403|60|0.00|12.00|0.00|0.00|0.00|0.00|0.00|0.00|0.00|
|C170|3|PROD004|PRODUTO ACABADO D|21.56|UN|20434.91|5403|00|17815.32|12.00|2137.84|0.00|0.00|0.00|0.00|0.00|0.00|
|C100|1|0|98765432000188|55|00|000000045|000|26022024|29022024|2568.45|0.00|0.00|0.00|0.00|0.00|0.00|0.00|0.00|0.00|0|33366699000100|
|C170|1|PROD005|INSUMO INDUSTRIAL E|48.47|UN|1827.84|6102|40|0.00|12.00|0.00|0.00|0.00|0.00|0.00|0.00|0.00|
|C170|2|PROD001|PECA MECANICA TIPO A|6.77|UN|740.61|6102|41|0.00|12.00|0.00|0.00|0.00|0.00|0.00|0.00|0.00|
|C100|1|0|98765432000188|55|00|000000046|000|21022024|23022024|27108.50|26635.94|3196.31|0.00|0.00|0.00|0.00|0.00|0.00|0.00|0|99900011000155|
|C170|1|PROD003|MATERIAL BRUTO C|29.54|UN|8675.89|6102|20|8205.02|12.00|984.60|0.00|0.00|0.00|0.00|0.00|0.00|
|C170|2|PROD008|CONJUNTO MONTADO H|15.32|UN|18432.61|6102|10|18430.92|12.00|2211.71|0.00|0.00|0.00|0.00|0.00|0.00|
|C100|1|0|98765432000188|55|00|000000047|000|29022024|02032024|3699.21|1377.45|165.29|0.00|0.00|0.00|0.00|0.00|0.00|0.00|0|33366699000100|
|C170|1|PROD006|EMBALAGEM PADRAO F|45.06|UN|289.29|5102|30|0.00|12.00|0.00|0.00|0.00|0.00|0.00|0.00|0.00|
|C170|2|PROD001|PECA MECANICA TIPO A|19.05|UN|1490.82|5102|20|1377.45|12.00|165.29|0.00|0.00|0.00|0.00|0.00|0.00|
|C170|3|PROD007|PARTE SOBRESSALENTE G|7.04|UN|986.37|5102|50|0.00|12.00|0.00|0.00|0.00|0.00|0.00|0.00|0.00|
|C170|4|PROD002|COMPONENTE ELETRICO B|13.51|UN|932.73|5102|50|0.00|12.00|0.00|0.00|0.00|0.00|0.00|0.00|0.00|
|C100|1|0|98765432000188|55|00|000000048|000|24022024|26022024|1942.45|1770.63|212.48|0.00|0.00|0.00|0.00|0.00|0.00|0.00|0|33366699000100|
|C170|1|PROD001|PECA MECANICA TIPO A|36.98|UN|1942.45|5101|20|1770.63|12.00|212.48|0.00|0.00|0.00|0.00|0.00|0.00|
|C100|1|0|98765432000188|55|00|000000049|000|08022024|08022024|56922.75|44947.41|5393.69|0.00|0.00|0.00|0.00|0.00|0.00|0.00|0|77788899000177|
|C170|1|PROD003|MATERIAL BRUTO C|24.83|UN|7141.49|5101|30|0.00|12.00|0.00|0.00|0.00|0.00|0.00|0.00|0.00|
|C170|2|PROD007|PARTE SOBRESSALENTE G|8.90|UN|1234.59|5101|30|0.00|12.00|0.00|0.00|0.00|0.00|0.00|0.00|0.00|
|C170|3|PROD004|PRODUTO ACABADO D|45.02|UN|38699.19|5101|10|35526.55|12.00|4263.19|0.00|0.00|0.00|0.00|0.00|0.00|
|C170|4|PROD008|CONJUNTO MONTADO H|11.10|UN|9847.48|5101|90|9420.86|12.00|1130.50|0.00|0.00|0.00|0.00|0.00|0.00|
|C100|1|0|98765432000188|55|00|000000050|000|27022024|28022024|4146.05|0.00|0.00|0.00|0.00|0.00|0.00|0.00|0.00|0.00|0|99900011000155|
|C170|1|PROD007|PARTE SOBRESSALENTE G|32.46|UN|4146.05|5401|40|0.00|12.00|0.00|0.00|0.00|0.00|0.00|0.00|0.00|
|C100|1|0|98765432000188|55|00|000000051|000|14022024|16022024|41111.05|15202.15|1824.26|0.00|0.00|0.00|0.00|0.00|0.00|0.00|0|22244466000133|
|C170|1|PROD006|EMBALAGEM PADRAO F|28.45|UN|337.18|5401|40|0.00|12.00|0.00|0.00|0.00|0.00|0.00|0.00|0.00|
|C170|2|PROD003|MATERIAL BRUTO C|36.62|UN|12570.07|5401|20|10810.75|12.00|1297.29|0.00|0.00|0.00|0.00|0.00|0.00|
|C170|3|PROD008|CONJUNTO MONTADO H|3.93|UN|4681.44|5401|00|4391.40|12.00|526.97|0.00|0.00|0.00|0.00|0.00|0.00|
|C170|4|PROD004|PRODUTO ACABADO D|35.10|UN|23522.36|5401|40|0.00|12.00|0.00|0.00|0.00|0.00|0.00|0.00|0.00|
|C100|1|0|98765432000188|55|00|000000052|000|26022024|29022024|28766.26|20154.70|2418.56|0.00|0.00|0.00|0.00|0.00|0.00|0.00|0|55512312300010|
|C170|1|PROD004|PRODUTO ACABADO D|38.62|UN|21292.80|6102|00|18815.59|12.00|2257.87|0.00|0.00|0.00|0.00|0.00|0.00|
|C170|2|PROD005|INSUMO INDUSTRIAL E|1.98|UN|32.98|6102|60|0.00|12.00|0.00|0.00|0.00|0.00|0.00|0.00|0.00|
|C170|3|PROD002|COMPONENTE ELETRICO B|18.16|UN|1497.84|6102|00|1339.11|12.00|160.69|0.00|0.00|0.00|0.00|0.00|0.00|
|C170|4|PROD004|PRODUTO ACABADO D|10.85|UN|5942.64|6102|40|0.00|12.00|0.00|0.00|0.00|0.00|0.00|0.00|0.00|
|C100|1|0|98765432000188|55|00|000000053|000|15022024|17022024|6420.48|2560.40|307.25|0.00|0.00|0.00|0.00|0.00|0.00|0.00|0|22244466000133|
|C170|1|PROD007|PARTE SOBRESSALENTE G|22.95|UN|3658.28|5102|40|0.00|12.00|0.00|0.00|0.00|0.00|0.00|0.00|0.00|
|C170|2|PROD001|PECA MECANICA TIPO A|23.97|UN|1935.10|5102|00|1922.76|12.00|230.73|0.00|0.00|0.00|0.00|0.00|0.00|
|C170|3|PROD001|PECA MECANICA TIPO A|1.45|UN|161.58|5102|41|0.00|12.00|0.00|0.00|0.00|0.00|0.00|0.00|0.00|
|C170|4|PROD002|COMPONENTE ELETRICO B|9.74|UN|665.52|5102|00|637.64|12.00|76.52|0.00|0.00|0.00|0.00|0.00|0.00|
|C100|1|0|98765432000188|55|00|000000054|000|23022024|25022024|64142.59|57019.29|6842.32|0.00|0.00|0.00|0.00|0.00|0.00|0.00|0|55512312300010|
|C170|1|PROD005|INSUMO INDUSTRIAL E|46.71|UN|912.30|5102|60|0.00|12.00|0.00|0.00|0.00|0.00|0.00|0.00|0.00|
|C170|2|PROD001|PECA MECANICA TIPO A|2.70|UN|274.33|5102|10|272.30|12.00|32.68|0.00|0.00|0.00|0.00|0.00|0.00|
|C170|3|PROD008|CONJUNTO MONTADO H|20.42|UN|28355.33|5102|00|24385.92|12.00|2926.31|0.00|0.00|0.00|0.00|0.00|0.00|
|C170|4|PROD004|PRODUTO ACABADO D|26.00|UN|25428.07|5102|00|23454.19|12.00|2814.50|0.00|0.00|0.00|0.00|0.00|0.00|
|C170|5|PROD004|PRODUTO ACABADO D|17.44|UN|9172.56|5102|00|8906.88|12.00|1068.83|0.00|0.00|0.00|0.00|0.00|0.00|
|C100|1|0|98765432000188|55|00|000000055|000|06022024|06022024|21155.31|0.00|0.00|0.00|0.00|0.00|0.00|0.00|0.00|0.00|0|99900011000155|
|C170|1|PROD004|PRODUTO ACABADO D|34.99|UN|19301.59|6102|40|0.00|12.00|0.00|0.00|0.00|0.00|0.00|0.00|0.00|
|C170|2|PROD001|PECA MECANICA TIPO A|35.44|UN|1853.72|6102|50|0.00|12.00|0.00|0.00|0.00|0.00|0.00|0.00|0.00|
|C100|1|0|98765432000188|55|00|000000056|000|03022024|04022024|362.48|315.45|37.85|0.00|0.00|0.00|0.00|0.00|0.00|0.00|0|22244466000133|
|C170|1|PROD006|EMBALAGEM PADRAO F|43.67|UN|362.48|5401|00|315.45|12.00|37.85|0.00|0.00|0.00|0.00|0.00|0.00|
|C100|1|0|98765432000188|55|00|000000057|000|27022024|01032024|56096.11|52761.66|6331.40|0.00|0.00|0.00|0.00|0.00|0.00|0.00|0|55512312300010|
|C170|1|PROD004|PRODUTO ACABADO D|12.48|UN|10044.21|5403|00|9482.55|12.00|1137.91|0.00|0.00|0.00|0.00|0.00|0.00|
|C170|2|PROD008|CONJUNTO MONTADO H|32.95|UN|39010.83|5403|20|36466.52|12.00|4375.98|0.00|0.00|0.00|0.00|0.00|0.00|
|C170|3|PROD003|MATERIAL BRUTO C|11.84|UN|2765.47|5403|00|2751.50|12.00|330.18|0.00|0.00|0.00|0.00|0.00|0.00|
|C170|4|PROD001|PECA MECANICA TIPO A|37.52|UN|4275.60|5403|20|4061.09|12.00|487.33|0.00|0.00|0.00|0.00|0.00|0.00|
|C100|1|0|98765432000188|55|00|000000058|000|18022024|18022024|43359.62|34166.24|4099.95|0.00|0.00|0.00|0.00|0.00|0.00|0.00|0|33366699000100|
|C170|1|PROD001|PECA MECANICA TIPO A|40.52|UN|4457.17|5102|41|0.00|12.00|0.00|0.00|0.00|0.00|0.00|0.00|0.00|
|C170|2|PROD003|MATERIAL BRUTO C|45.72|UN|12984.37|5102|00|11683.82|12.00|1402.06|0.00|0.00|0.00|0.00|0.00|0.00|
|C170|3|PROD002|COMPONENTE ELETRICO B|19.24|UN|1009.82|5102|10|862.92|12.00|103.55|0.00|0.00|0.00|0.00|0.00|0.00|
|C170|4|PROD001|PECA MECANICA TIPO A|1.55|UN|156.86|5102|40|0.00|12.00|0.00|0.00|0.00|0.00|0.00|0.00|0.00|
|C170|5|PROD004|PRODUTO ACABADO D|49.11|UN|24751.40|5102|90|21619.50|12.00|2594.34|0.00|0.00|0.00|0.00|0.00|0.00|
|C100|1|0|98765432000188|55|00|000000059|000|02022024|05022024|38670.00|4274.70|512.96|0.00|0.00|0.00|0.00|0.00|0.00|0.00|0|33366699000100|
|C170|1|PROD008|CONJUNTO MONTADO H|17.84|UN|20900.27|6101|40|0.00|12.00|0.00|0.00|0.00|0.00|0.00|0.00|0.00|
|C170|2|PROD003|MATERIAL BRUTO C|42.69|UN|13012.52|6101|40|0.00|12.00|0.00|0.00|0.00|0.00|0.00|0.00|0.00|
|C170|3|PROD001|PECA MECANICA TIPO A|33.13|UN|3820.02|6101|10|3474.58|12.00|416.95|0.00|0.00|0.00|0.00|0.00|0.00|
|C170|4|PROD007|PARTE SOBRESSALENTE G|8.37|UN|937.19|6101|10|800.12|12.00|96.01|0.00|0.00|0.00|0.00|0.00|0.00|
|C100|1|0|98765432000188|55|00|000000060|000|21022024|22022024|8621.89|5648.78|677.85|0.00|0.00|0.00|0.00|0.00|0.00|0.00|0|22244466000133|
|C170|1|PROD001|PECA MECANICA TIPO A|47.62|UN|5289.85|5401|20|5251.86|12.00|630.22|0.00|0.00|0.00|0.00|0.00|0.00|
|C170|2|PROD001|PECA MECANICA TIPO A|4.70|UN|427.65|5401|20|396.92|12.00|47.63|0.00|0.00|0.00|0.00|0.00|0.00|
|C170|3|PROD007|PARTE SOBRESSALENTE G|29.81|UN|2904.39|5401|50|0.00|12.00|0.00|0.00|0.00|0.00|0.00|0.00|0.00|
|C100|1|0|98765432000188|55|00|000000061|000|15022024|16022024|6711.92|6203.26|744.40|0.00|0.00|0.00|0.00|0.00|0.00|0.00|0|77788899000177|
|C170|1|PROD007|PARTE SOBRESSALENTE G|33.78|UN|4390.10|5401|20|4184.46|12.00|502.14|0.00|0.00|0.00|0.00|0.00|0.00|
|C170|2|PROD003|MATERIAL BRUTO C|6.49|UN|2210.40|5401|20|1908.41|12.00|229.01|0.00|0.00|0.00|0.00|0.00|0.00|
|C170|3|PROD006|EMBALAGEM PADRAO F|14.58|UN|111.42|5401|10|110.39|12.00|13.25|0.00|0.00|0.00|0.00|0.00|0.00|
|C100|1|0|98765432000188|55|00|000000062|000|25022024|27022024|5607.36|4999.08|599.89|0.00|0.00|0.00|0.00|0.00|0.00|0.00|0|22244466000133|
|C170|1|PROD007|PARTE SOBRESSALENTE G|34.08|UN|3440.24|5102|51|3156.24|12.00|378.75|0.00|0.00|0.00|0.00|0.00|0.00|
|C170|2|PROD002|COMPONENTE ELETRICO B|37.33|UN|2167.12|5102|90|1842.84|12.00|221.14|0.00|0.00|0.00|0.00|0.00|0.00|
|C100|1|0|98765432000188|55|00|000000063|000|17022024|17022024|11617.41|8287.16|994.46|0.00|0.00|0.00|0.00|0.00|0.00|0.00|0|33366699000100|
|C170|1|PROD006|EMBALAGEM PADRAO F|28.22|UN|314.96|5102|40|0.00|12.00|0.00|0.00|0.00|0.00|0.00|0.00|0.00|
|C170|2|PROD001|PECA MECANICA TIPO A|13.07|UN|1355.83|5102|70|0.00|12.00|0.00|0.00|0.00|0.00|0.00|0.00|0.00|
|C170|3|PROD005|INSUMO INDUSTRIAL E|28.14|UN|1002.77|5102|51|961.77|12.00|115.41|0.00|0.00|0.00|0.00|0.00|0.00|
|C170|4|PROD003|MATERIAL BRUTO C|36.93|UN|8047.42|5102|00|7325.39|12.00|879.05|0.00|0.00|0.00|0.00|0.00|0.00|
|C170|5|PROD007|PARTE SOBRESSALENTE G|6.39|UN|896.43|5102|40|0.00|12.00|0.00|0.00|0.00|0.00|0.00|0.00|0.00|
|C100|1|0|98765432000188|55|00|000000064|000|24022024|24022024|7959.75|7159.44|859.13|0.00|0.00|0.00|0.00|0.00|0.00|0.00|0|55512312300010|
|C170|1|PROD003|MATERIAL BRUTO C|27.55|UN|7959.75|6101|51|7159.44|12.00|859.13|0.00|0.00|0.00|0.00|0.00|0.00|
|C100|1|0|98765432000188|55|00|000000065|000|02022024|02022024|1130.82|966.85|116.02|0.00|0.00|0.00|0.00|0.00|0.00|0.00|0|99900011000155|
|C170|1|PROD002|COMPONENTE ELETRICO B|14.85|UN|1130.82|5401|10|966.85|12.00|116.02|0.00|0.00|0.00|0.00|0.00|0.00|
|C100|1|0|98765432000188|55|00|000000066|000|23022024|23022024|45006.23|2623.22|314.78|0.00|0.00|0.00|0.00|0.00|0.00|0.00|0|55512312300010|
|C170|1|PROD008|CONJUNTO MONTADO H|36.31|UN|42125.55|5401|50|0.00|12.00|0.00|0.00|0.00|0.00|0.00|0.00|0.00|
|C170|2|PROD006|EMBALAGEM PADRAO F|29.97|UN|157.96|5401|00|136.77|12.00|16.41|0.00|0.00|0.00|0.00|0.00|0.00|
|C170|3|PROD003|MATERIAL BRUTO C|12.56|UN|2640.99|5401|20|2409.18|12.00|289.10|0.00|0.00|0.00|0.00|0.00|0.00|
|C170|4|PROD006|EMBALAGEM PADRAO F|15.87|UN|81.73|5401|00|77.27|12.00|9.27|0.00|0.00|0.00|0.00|0.00|0.00|
|C100|1|0|98765432000188|55|00|000000067|000|29022024|02032024|11022.88|5983.52|718.02|0.00|0.00|0.00|0.00|0.00|0.00|0.00|0|77788899000177|
|C170|1|PROD007|PARTE SOBRESSALENTE G|35.58|UN|4907.14|5403|10|4556.54|12.00|546.78|0.00|0.00|0.00|0.00|0.00|0.00|
|C170|2|PROD007|PARTE SOBRESSALENTE G|10.32|UN|1466.97|5403|00|1426.98|12.00|171.24|0.00|0.00|0.00|0.00|0.00|0.00|
|C170|3|PROD002|COMPONENTE ELETRICO B|14.11|UN|818.29|5403|40|0.00|12.00|0.00|0.00|0.00|0.00|0.00|0.00|0.00|
|C170|4|PROD001|PECA MECANICA TIPO A|42.12|UN|3830.48|5403|40|0.00|12.00|0.00|0.00|0.00|0.00|0.00|0.00|0.00|
|C100|1|0|98765432000188|55|00|000000068|000|20022024|20022024|6996.57|5463.98|655.67|0.00|0.00|0.00|0.00|0.00|0.00|0.00|0|33366699000100|
|C170|1|PROD001|PECA MECANICA TIPO A|36.48|UN|2486.93|5102|20|2269.54|12.00|272.34|0.00|0.00|0.00|0.00|0.00|0.00|
|C170|2|PROD005|INSUMO INDUSTRIAL E|34.66|UN|983.54|5102|60|0.00|12.00|0.00|0.00|0.00|0.00|0.00|0.00|0.00|
|C170|3|PROD001|PECA MECANICA TIPO A|6.88|UN|545.99|5102|10|533.76|12.00|64.05|0.00|0.00|0.00|0.00|0.00|0.00|
|C170|4|PROD002|COMPONENTE ELETRICO B|46.03|UN|2980.11|5102|00|2660.68|12.00|319.28|0.00|0.00|0.00|0.00|0.00|0.00|
|C100|1|0|98765432000188|55|00|000000069|000|20022024|22022024|2368.94|1721.82|206.62|0.00|0.00|0.00|0.00|0.00|0.00|0.00|0|99900011000155|
|C170|1|PROD002|COMPONENTE ELETRICO B|20.41|UN|1341.08|5101|10|1210.67|12.00|145.28|0.00|0.00|0.00|0.00|0.00|0.00|
|C170|2|PROD005|INSUMO INDUSTRIAL E|26.89|UN|507.95|5101|40|0.00|12.00|0.00|0.00|0.00|0.00|0.00|0.00|0.00|
|C170|3|PROD006|EMBALAGEM PADRAO F|46.67|UN|519.91|5101|00|511.15|12.00|61.34|0.00|0.00|0.00|0.00|0.00|0.00|
|C100|1|0|98765432000188|55|00|000000070|000|28022024|29022024|110533.46|28903.56|3468.43|0.00|0.00|0.00|0.00|0.00|0.00|0.00|0|77788899000177|
|C170|1|PROD008|CONJUNTO MONTADO H|28.08|UN|29268.59|5101|00|28903.56|12.00|3468.43|0.00|0.00|0.00|0.00|0.00|0.00|
|C170|2|PROD008|CONJUNTO MONTADO H|21.25|UN|28149.78|5101|40|0.00|12.00|0.00|0.00|0.00|0.00|0.00|0.00|0.00|
|C170|3|PROD008|CONJUNTO MONTADO H|28.86|UN|36657.62|5101|70|0.00|12.00|0.00|0.00|0.00|0.00|0.00|0.00|0.00|
|C170|4|PROD008|CONJUNTO MONTADO H|18.79|UN|16457.47|5101|30|0.00|12.00|0.00|0.00|0.00|0.00|0.00|0.00|0.00|
|C100|1|0|98765432000188|55|00|000000071|000|17022024|17022024|6829.68|5031.16|603.74|0.00|0.00|0.00|0.00|0.00|0.00|0.00|0|55512312300010|
|C170|1|PROD007|PARTE SOBRESSALENTE G|44.34|UN|3675.43|6102|00|3273.68|12.00|392.84|0.00|0.00|0.00|0.00|0.00|0.00|
|C170|2|PROD002|COMPONENTE ELETRICO B|40.96|UN|1858.08|6102|00|1757.48|12.00|210.90|0.00|0.00|0.00|0.00|0.00|0.00|
|C170|3|PROD002|COMPONENTE ELETRICO B|26.23|UN|1296.17|6102|30|0.00|12.00|0.00|0.00|0.00|0.00|0.00|0.00|0.00|
|C100|1|0|98765432000188|55|00|000000072|000|04022024|05022024|15826.40|13228.59|1587.43|0.00|0.00|0.00|0.00|0.00|0.00|0.00|0|99900011000155|
|C170|1|PROD005|INSUMO INDUSTRIAL E|33.55|UN|1044.78|5101|50|0.00|12.00|0.00|0.00|0.00|0.00|0.00|0.00|0.00|
|C170|2|PROD003|MATERIAL BRUTO C|47.64|UN|12641.33|5101|00|11200.20|12.00|1344.02|0.00|0.00|0.00|0.00|0.00|0.00|
|C170|3|PROD005|INSUMO INDUSTRIAL E|27.41|UN|472.46|5101|00|425.72|12.00|51.09|0.00|0.00|0.00|0.00|0.00|0.00|
|C170|4|PROD002|COMPONENTE ELETRICO B|45.38|UN|1667.83|5101|00|1602.67|12.00|192.32|0.00|0.00|0.00|0.00|0.00|0.00|
|C100|1|0|98765432000188|55|00|000000073|000|11022024|14022024|3901.66|3394.95|407.39|0.00|0.00|0.00|0.00|0.00|0.00|0.00|0|33366699000100|
|C170|1|PROD002|COMPONENTE ELETRICO B|48.13|UN|3901.66|6101|51|3394.95|12.00|407.39|0.00|0.00|0.00|0.00|0.00|0.00|
|C100|1|0|98765432000188|55|00|000000074|000|01022024|01022024|58149.38|56275.14|6753.02|0.00|0.00|0.00|0.00|0.00|0.00|0.00|0|99900011000155|
|C170|1|PROD001|LINHA_CORROMPIDA|
|C170|2|PROD008|CONJUNTO MONTADO H|38.16|UN|34360.30|5403|20|33210.66|12.00|3985.28|0.00|0.00|0.00|0.00|0.00|0.00|
|C170|3|PROD004|PRODUTO ACABADO D|33.68|UN|21327.52|5403|90|20812.27|12.00|2497.47|0.00|0.00|0.00|0.00|0.00|0.00|
|C170|4|PROD005|INSUMO INDUSTRIAL E|14.81|UN|320.83|5403|00|308.46|12.00|37.02|0.00|0.00|0.00|0.00|0.00|0.00|
|C100|1|0|98765432000188|55|00|000000075|000|08022024|08022024|11544.21|5176.23|621.14|0.00|0.00|0.00|0.00|0.00|0.00|0.00|0|77788899000177|
|C170|1|PROD007|PARTE SOBRESSALENTE G|32.22|UN|4867.48|6101|20|4492.45|12.00|539.09|0.00|0.00|0.00|0.00|0.00|0.00|
|C170|2|PROD006|EMBALAGEM PADRAO F|37.49|UN|310.79|6101|40|0.00|12.00|0.00|0.00|0.00|0.00|0.00|0.00|0.00|
|C170|3|PROD008|CONJUNTO MONTADO H|7.65|UN|5632.82|6101|60|0.00|12.00|0.00|0.00|0.00|0.00|0.00|0.00|0.00|
|C170|4|PROD007|PARTE SOBRESSALENTE G|4.89|UN|733.12|6101|00|683.78|12.00|82.05|0.00|0.00|0.00|0.00|0.00|0.00|
|C100|1|0|98765432000188|55|00|000000076|000|09022024|10022024|6751.91|6403.47|768.42|0.00|0.00|0.00|0.00|0.00|0.00|0.00|0|99900011000155|
|C170|1|PROD007|PARTE SOBRESSALENTE G|27.77|UN|3262.62|6102|20|3077.08|12.00|369.25|0.00|0.00|0.00|0.00|0.00|0.00|
|C170|2|PROD002|COMPONENTE ELETRICO B|17.94|UN|757.06|6102|51|728.33|12.00|87.40|0.00|0.00|0.00|0.00|0.00|0.00|
|C170|3|PROD001|PECA MECANICA TIPO A|14.84|UN|880.64|6102|00|778.39|12.00|93.41|0.00|0.00|0.00|0.00|0.00|0.00|
|C170|4|PROD001|PECA MECANICA TIPO A|31.18|UN|1851.59|6102|00|1819.67|12.00|218.36|0.00|0.00|0.00|0.00|0.00|0.00|
|C100|1|0|98765432000188|55|00|000000077|000|16022024|19022024|51530.52|10122.83|1214.74|0.00|0.00|0.00|0.00|0.00|0.00|0.00|0|22244466000133|
|C170|1|PROD004|PRODUTO ACABADO D|49.76|UN|40605.97|5102|30|0.00|12.00|0.00|0.00|0.00|0.00|0.00|0.00|0.00|
|C170|2|PROD003|MATERIAL BRUTO C|43.99|UN|10029.25|5102|00|9917.28|12.00|1190.07|0.00|0.00|0.00|0.00|0.00|0.00|
|C170|3|PROD006|EMBALAGEM PADRAO F|26.79|UN|214.86|5102|00|205.55|12.00|24.67|0.00|0.00|0.00|0.00|0.00|0.00|
|C170|4|PROD001|PECA MECANICA TIPO A|10.29|UN|680.44|5102|50|0.00|12.00|0.00|0.00|0.00|0.00|0.00|0.00|0.00|
|C100|1|0|98765432000188|55|00|000000078|000|16022024|18022024|4112.69|3920.25|470.43|0.00|0.00|0.00|0.00|0.00|0.00|0.00|0|99900011000155|
|C170|1|PROD007|PARTE SOBRESSALENTE G|39.99|UN|4112.69|5102|10|3920.25|12.00|470.43|0.00|0.00|0.00|0.00|0.00|0.00|
|C100|1|0|98765432000188|55|00|000000079|000|25022024|26022024|38272.98|30041.69|3605.00|0.00|0.00|0.00|0.00|0.00|0.00|0.00|0|99900011000155|
|C170|1|PROD007|PARTE SOBRESSALENTE G|35.38|UN|4874.24|5401|00|4574.29|12.00|548.91|0.00|0.00|0.00|0.00|0.00|0.00|
|C170|2|PROD003|MATERIAL BRUTO C|26.79|UN|6326.62|5401|40|0.00|12.00|0.00|0.00|0.00|0.00|0.00|0.00|0.00|
|C170|3|PROD007|PARTE SOBRESSALENTE G|3.67|UN|585.12|5401|70|0.00|12.00|0.00|0.00|0.00|0.00|0.00|0.00|0.00|
|C170|4|PROD001|PECA MECANICA TIPO A|16.21|UN|902.80|5401|20|857.46|12.00|102.90|0.00|0.00|0.00|0.00|0.00|0.00|
|C170|5|PROD004|PRODUTO ACABADO D|32.62|UN|25584.20|5401|00|24609.94|12.00|2953.19|0.00|0.00|0.00|0.00|0.00|0.00|
|C100|1|0|98765432000188|55|00|000000080|000|21022024|24022024|1109.48|1062.48|127.50|0.00|0.00|0.00|0.00|0.00|0.00|0.00|0|22244466000133|
|C170|1|PROD005|INSUMO INDUSTRIAL E|38.32|UN|1109.48|6101|20|1062.48|12.00|127.50|0.00|0.00|0.00|0.00|0.00|0.00|
|C100|1|0|98765432000188|55|00|000000081|000|28022024|29022024|2902.49|1270.29|152.43|0.00|0.00|0.00|0.00|0.00|0.00|0.00|0|55512312300010|
|C170|1|PROD005|INSUMO INDUSTRIAL E|48.93|UN|1507.99|6101|40|0.00|12.00|0.00|0.00|0.00|0.00|0.00|0.00|0.00|
|C170|2|PROD003|MATERIAL BRUTO C|4.17|UN|1278.95|6101|10|1171.18|12.00|140.54|0.00|0.00|0.00|0.00|0.00|0.00|
|C170|3|PROD006|EMBALAGEM PADRAO F|12.25|UN|115.55|6101|90|99.11|12.00|11.89|0.00|0.00|0.00|0.00|0.00|0.00|
|C100|1|0|98765432000188|55|00|000000082|000|09022024|12022024|76423.22|21568.66|2588.24|0.00|0.00|0.00|0.00|0.00|0.00|0.00|0|99900011000155|
|C170|1|PROD004|PRODUTO ACABADO D|45.85|UN|35763.27|5102|60|0.00|12.00|0.00|0.00|0.00|0.00|0.00|0.00|0.00|
|C170|2|PROD004|PRODUTO ACABADO D|18.30|UN|15877.58|5102|40|0.00|12.00|0.00|0.00|0.00|0.00|0.00|0.00|0.00|
|C170|3|PROD004|PRODUTO ACABADO D|31.49|UN|23205.20|5102|20|20023.40|12.00|2402.81|0.00|0.00|0.00|0.00|0.00|0.00|
|C170|4|PROD002|COMPONENTE ELETRICO B|24.46|UN|1577.17|5102|00|1545.26|12.00|185.43|0.00|0.00|0.00|0.00|0.00|0.00|
|C100|1|0|98765432000188|55|00|000000083|000|01022024|01022024|252.66|245.72|29.49|0.00|0.00|0.00|0.00|0.00|0.00|0.00|0|77788899000177|
|C170|1|PROD001|PECA MECANICA TIPO A|2.48|UN|252.66|6101|00|245.72|12.00|29.49|0.00|0.00|0.00|0.00|0.00|0.00|
|C100|1|0|98765432000188|55|00|000000084|000|20022024|20022024|12068.67|3963.91|475.67|0.00|0.00|0.00|0.00|0.00|0.00|0.00|0|22244466000133|
|C170|1|PROD003|MATERIAL BRUTO C|16.84|UN|4228.60|5403|00|3963.91|12.00|475.67|0.00|0.00|0.00|0.00|0.00|0.00|
|C170|2|PROD003|MATERIAL BRUTO C|37.98|UN|7840.07|5403|40|0.00|12.00|0.00|0.00|0.00|0.00|0.00|0.00|0.00|
|C100|1|0|98765432000188|55|00|000000085|000|04022024|04022024|9260.97|287.55|34.51|0.00|0.00|0.00|0.00|0.00|0.00|0.00|0|22244466000133|
|C170|1|PROD001|PECA MECANICA TIPO A|45.11|UN|3117.10|6102|40|0.00|12.00|0.00|0.00|0.00|0.00|0.00|0.00|0.00|
|C170|2|PROD006|EMBALAGEM PADRAO F|24.70|UN|239.89|6102|40|0.00|12.00|0.00|0.00|0.00|0.00|0.00|0.00|0.00|
|C170|3|PROD006|EMBALAGEM PADRAO F|43.95|UN|441.28|6102|40|0.00|12.00|0.00|0.00|0.00|0.00|0.00|0.00|0.00|
|C170|4|PROD003|MATERIAL BRUTO C|20.31|UN|5127.06|6102|40|0.00|12.00|0.00|0.00|0.00|0.00|0.00|0.00|0.00|
|C170|5|PROD006|EMBALAGEM PADRAO F|31.34|UN|335.64|6102|00|287.55|12.00|34.51|0.00|0.00|0.00|0.00|0.00|0.00|
|C100|1|0|98765432000188|55|00|000000086|000|04022024|07022024|16313.43|12788.31|1534.60|0.00|0.00|0.00|0.00|0.00|0.00|0.00|0|33366699000100|
|C170|1|PROD004|PRODUTO ACABADO D|13.54|UN|11706.40|5101|00|10357.85|12.00|1242.94|0.00|0.00|0.00|0.00|0.00|0.00|
|C170|2|PROD006|EMBALAGEM PADRAO F|22.17|UN|168.71|5101|20|155.65|12.00|18.68|0.00|0.00|0.00|0.00|0.00|0.00|
|C170|3|PROD001|PECA MECANICA TIPO A|22.77|UN|1538.11|5101|40|0.00|12.00|0.00|0.00|0.00|0.00|0.00|0.00|0.00|
|C170|4|PROD006|EMBALAGEM PADRAO F|41.22|UN|318.20|5101|50|0.00|12.00|0.00|0.00|0.00|0.00|0.00|0.00|0.00|
|C170|5|PROD007|PARTE SOBRESSALENTE G|17.41|UN|2582.01|5101|10|2274.81|12.00|272.98|0.00|0.00|0.00|0.00|0.00|0.00|
|C100|1|0|98765432000188|55|00|000000087|000|01022024|03022024|90493.19|30727.71|3687.33|0.00|0.00|0.00|0.00|0.00|0.00|0.00|0|55512312300010|
|C170|1|PROD004|PRODUTO ACABADO D|44.88|UN|35960.84|6102|51|30727.71|12.00|3687.33|0.00|0.00|0.00|0.00|0.00|0.00|
|C170|2|PROD001|PECA MECANICA TIPO A|39.64|UN|2218.43|6102|40|0.00|12.00|0.00|0.00|0.00|0.00|0.00|0.00|0.00|
|C170|3|PROD001|PECA MECANICA TIPO A|29.25|UN|1534.49|6102|50|0.00|12.00|0.00|0.00|0.00|0.00|0.00|0.00|0.00|
|C170|4|PROD008|CONJUNTO MONTADO H|49.83|UN|48586.83|6102|40|0.00|12.00|0.00|0.00|0.00|0.00|0.00|0.00|0.00|
|C170|5|PROD001|PECA MECANICA TIPO A|21.20|UN|2192.60|6102|50|0.00|12.00|0.00|0.00|0.00|0.00|0.00|0.00|0.00|
|C100|1|0|98765432000188|55|00|000000088|000|16022024|17022024|21980.09|0.00|0.00|0.00|0.00|0.00|0.00|0.00|0.00|0.00|0|33366699000100|
|C170|1|PROD004|PRODUTO ACABADO D|37.78|UN|21980.09|6102|41|0.00|12.00|0.00|0.00|0.00|0.00|0.00|0.00|0.00|
|C100|1|0|98765432000188|55|00|000000089|000|13022024|16022024|1643.33|1246.94|149.63|0.00|0.00|0.00|0.00|0.00|0.00|0.00|0|33366699000100|
|C170|1|PROD007|PARTE SOBRESSALENTE G|11.68|UN|1260.13|6101|00|1246.94|12.00|149.63|0.00|0.00|0.00|0.00|0.00|0.00|
|C170|2|PROD006|EMBALAGEM PADRAO F|42.53|UN|383.20|6101|40|0.00|12.00|0.00|0.00|0.00|0.00|0.00|0.00|0.00|
|C100|1|0|98765432000188|55|00|000000090|000|11022024|14022024|62061.36|1271.86|152.62|0.00|0.00|0.00|0.00|0.00|0.00|0.00|0|33366699000100|
|C170|1|PROD004|PRODUTO ACABADO D|38.20|UN|32784.38|6102|40|0.00|12.00|0.00|0.00|0.00|0.00|0.00|0.00|0.00|
|C170|2|PROD003|MATERIAL BRUTO C|9.62|UN|2916.74|6102|40|0.00|12.00|0.00|0.00|0.00|0.00|0.00|0.00|0.00|
|C170|3|PROD001|PECA MECANICA TIPO A|15.58|UN|1282.00|6102|10|1271.86|12.00|152.62|0.00|0.00|0.00|0.00|0.00|0.00|
|C170|4|PROD008|CONJUNTO MONTADO H|21.34|UN|25078.24|6102|70|0.00|12.00|0.00|0.00|0.00|0.00|0.00|0.00|0.00|
|C100|1|0|98765432000188|55|00|000000091|000|22022024|25022024|1908.83|1609.90|193.19|0.00|0.00|0.00|0.00|0.00|0.00|0.00|0|77788899000177|
|C170|1|PROD005|INSUMO INDUSTRIAL E|33.16|UN|1097.17|5101|00|1059.47|12.00|127.14|0.00|0.00|0.00|0.00|0.00|0.00|
|C170|2|PROD006|EMBALAGEM PADRAO F|20.35|UN|224.23|5101|60|0.00|12.00|0.00|0.00|0.00|0.00|0.00|0.00|0.00|
|C170|3|PROD005|INSUMO INDUSTRIAL E|17.35|UN|587.43|5101|00|550.43|12.00|66.05|0.00|0.00|0.00|0.00|0.00|0.00|
|C100|1|0|98765432000188|55|00|000000092|000|19022024|21022024|44856.43|5388.30|646.59|0.00|0.00|0.00|0.00|0.00|0.00|0.00|0|55512312300010|
|C170|1|PROD007|PARTE SOBRESSALENTE G|32.95|UN|3165.03|5101|00|3129.70|12.00|375.56|0.00|0.00|0.00|0.00|0.00|0.00|
|C170|2|PROD004|PRODUTO ACABADO D|39.84|UN|20946.44|5101|40|0.00|12.00|0.00|0.00|0.00|0.00|0.00|0.00|0.00|
|C170|3|PROD008|CONJUNTO MONTADO H|20.05|UN|14830.00|5101|30|0.00|12.00|0.00|0.00|0.00|0.00|0.00|0.00|0.00|
|C170|4|PROD002|COMPONENTE ELETRICO B|43.64|UN|3625.28|5101|50|0.00|12.00|0.00|0.00|0.00|0.00|0.00|0.00|0.00|
|C170|5|PROD001|PECA MECANICA TIPO A|42.50|UN|2289.68|5101|10|2258.60|12.00|271.03|0.00|0.00|0.00|0.00|0.00|0.00|
|C100|1|0|98765432000188|55|00|000000093|000|03022024|04022024|63918.61|0.00|0.00|0.00|0.00|0.00|0.00|0.00|0.00|0.00|0|55512312300010|
|C170|1|PROD007|PARTE SOBRESSALENTE G|46.68|UN|6458.23|6102|40|0.00|12.00|0.00|0.00|0.00|0.00|0.00|0.00|0.00|
|C170|2|PROD008|CONJUNTO MONTADO H|49.69|UN|56727.65|6102|40|0.00|12.00|0.00|0.00|0.00|0.00|0.00|0.00|0.00|
|C170|3|PROD002|COMPONENTE ELETRICO B|18.88|UN|732.73|6102|60|0.00|12.00|0.00|0.00|0.00|0.00|0.00|0.00|0.00|
|C100|1|0|98765432000188|55|00|000000094|000|25022024|27022024|43463.06|22115.55|2653.87|0.00|0.00|0.00|0.00|0.00|0.00|0.00|0|77788899000177|
|C170|1|PROD004|PRODUTO ACABADO D|30.04|UN|25321.14|6101|00|21861.66|12.00|2623.40|0.00|0.00|0.00|0.00|0.00|0.00|
|C170|2|PROD004|PRODUTO ACABADO D|9.93|UN|7762.84|6101|40|0.00|12.00|0.00|0.00|0.00|0.00|0.00|0.00|0.00|
|C170|3|PROD006|EMBALAGEM PADRAO F|30.84|UN|284.04|6101|00|253.89|12.00|30.47|0.00|0.00|0.00|0.00|0.00|0.00|
|C170|4|PROD003|MATERIAL BRUTO C|27.91|UN|9657.99|6101|70|0.00|12.00|0.00|0.00|0.00|0.00|0.00|0.00|0.00|
|C170|5|PROD003|MATERIAL BRUTO C|1.46|UN|437.05|6101|40|0.00|12.00|0.00|0.00|0.00|0.00|0.00|0.00|0.00|
|C100|1|0|98765432000188|55|00|000000095|000|25022024|25022024|15726.81|12950.00|1554.00|0.00|0.00|0.00|0.00|0.00|0.00|0.00|0|77788899000177|
|C170|1|PROD004|PRODUTO ACABADO D|24.08|UN|15064.26|5102|00|12950.00|12.00|1554.00|0.00|0.00|0.00|0.00|0.00|0.00|
|C170|2|PROD005|INSUMO INDUSTRIAL E|22.29|UN|662.55|5102|30|0.00|12.00|0.00|0.00|0.00|0.00|0.00|0.00|0.00|
|C100|1|0|98765432000188|55|00|000000096|000|12022024|15022024|445.97|0.00|0.00|0.00|0.00|0.00|0.00|0.00|0.00|0.00|0|55512312300010|
|C170|1|PROD006|EMBALAGEM PADRAO F|37.35|UN|445.97|5403|30|0.00|12.00|0.00|0.00|0.00|0.00|0.00|0.00|0.00|
|C100|1|0|98765432000188|55|00|000000097|000|23022024|25022024|77474.10|42803.38|5136.40|0.00|0.00|0.00|0.00|0.00|0.00|0.00|0|77788899000177|
|C170|1|PROD003|MATERIAL BRUTO C|18.86|UN|5352.00|5101|00|4725.91|12.00|567.11|0.00|0.00|0.00|0.00|0.00|0.00|
|C170|2|PROD004|PRODUTO ACABADO D|19.06|UN|17608.55|5101|40|0.00|12.00|0.00|0.00|0.00|0.00|0.00|0.00|0.00|
|C170|3|PROD001|PECA MECANICA TIPO A|16.84|UN|1419.53|5101|00|1417.04|12.00|170.04|0.00|0.00|0.00|0.00|0.00|0.00|
|C170|4|PROD004|PRODUTO ACABADO D|22.42|UN|11272.88|5101|40|0.00|12.00|0.00|0.00|0.00|0.00|0.00|0.00|0.00|
|C170|5|PROD008|CONJUNTO MONTADO H|38.62|UN|41821.14|5101|51|36660.43|12.00|4399.25|0.00|0.00|0.00|0.00|0.00|0.00|
|C100|1|0|98765432000188|55|00|000000098|000|26022024|27022024|9848.28|0.00|0.00|0.00|0.00|0.00|0.00|0.00|0.00|0.00|0|77788899000177|
|C170|1|PROD005|INSUMO INDUSTRIAL E|31.01|UN|552.00|5401|40|0.00|12.00|0.00|0.00|0.00|0.00|0.00|0.00|0.00|
|C170|2|PROD004|PRODUTO ACABADO D|10.50|UN|9296.28|5401|40|0.00|12.00|0.00|0.00|0.00|0.00|0.00|0.00|0.00|
|C100|1|0|98765432000188|55|00|000000099|000|10022024|13022024|16818.62|343.17|41.18|0.00|0.00|0.00|0.00|0.00|0.00|0.00|0|22244466000133|
|C170|1|PROD005|INSUMO INDUSTRIAL E|14.57|UN|360.22|5102|00|343.17|12.00|41.18|0.00|0.00|0.00|0.00|0.00|0.00|
|C170|2|PROD003|MATERIAL BRUTO C|44.95|UN|10643.66|5102|41|0.00|12.00|0.00|0.00|0.00|0.00|0.00|0.00|0.00|
|C170|3|PROD006|EMBALAGEM PADRAO F|46.24|UN|270.98|5102|40|0.00|12.00|0.00|0.00|0.00|0.00|0.00|0.00|0.00|
|C170|4|PROD003|MATERIAL BRUTO C|18.32|UN|5543.76|5102|30|0.00|12.00|0.00|0.00|0.00|0.00|0.00|0.00|0.00|
|C100|1|0|98765432000188|55|00|000000100|000|18022024|21022024|48551.42|2868.66|344.23|0.00|0.00|0.00|0.00|0.00|0.00|0.00|0|55512312300010|
|C170|1|PROD006|EMBALAGEM PADRAO F|37.61|UN|277.20|5401|00|236.12|12.00|28.33|0.00|0.00|0.00|0.00|0.00|0.00|
|C170|2|PROD007|PARTE SOBRESSALENTE G|26.96|UN|2391.53|5401|40|0.00|12.00|0.00|0.00|0.00|0.00|0.00|0.00|0.00|
|C170|3|PROD008|CONJUNTO MONTADO H|32.45|UN|42918.27|5401|50|0.00|12.00|0.00|0.00|0.00|0.00|0.00|0.00|0.00|
|C170|4|PROD007|PARTE SOBRESSALENTE G|24.84|UN|2964.42|5401|90|2632.54|12.00|315.90|0.00|0.00|0.00|0.00|0.00|0.00|
|C100|1|0|98765432000188|55|00|000000101|000|03022024|04022024|48307.69|36236.52|4348.38|0.00|0.00|0.00|0.00|0.00|0.00|0.00|0|22244466000133|
|C170|1|PROD007|PARTE SOBRESSALENTE G|39.50|UN|4094.59|5403|41|0.00|12.00|0.00|0.00|0.00|0.00|0.00|0.00|0.00|
|C170|2|PROD006|EMBALAGEM PADRAO F|12.87|UN|84.04|5403|10|77.03|12.00|9.24|0.00|0.00|0.00|0.00|0.00|0.00|
|C170|3|PROD008|CONJUNTO MONTADO H|14.55|UN|16030.82|5403|90|14103.83|12.00|1692.46|0.00|0.00|0.00|0.00|0.00|0.00|
|C170|4|PROD004|PRODUTO ACABADO D|24.50|UN|22761.68|5403|00|22055.66|12.00|2646.68|0.00|0.00|0.00|0.00|0.00|0.00|
|C170|5|PROD007|PARTE SOBRESSALENTE G|46.64|UN|5336.56|5403|60|0.00|12.00|0.00|0.00|0.00|0.00|0.00|0.00|0.00|
|C100|1|0|98765432000188|55|00|000000102|000|04022024|04022024|1024.36|0.00|0.00|0.00|0.00|0.00|0.00|0.00|0.00|0.00|0|99900011000155|
|C170|1|PROD002|COMPONENTE ELETRICO B|24.76|UN|1024.36|5401|60|0.00|12.00|0.00|0.00|0.00|0.00|0.00|0.00|0.00|
|C100|1|0|98765432000188|55|00|000000103|000|08022024|10022024|2629.21|2593.04|311.16|0.00|0.00|0.00|0.00|0.00|0.00|0.00|0|22244466000133|
|C170|1|PROD003|MATERIAL BRUTO C|9.06|UN|2629.21|5401|00|2593.04|12.00|311.16|0.00|0.00|0.00|0.00|0.00|0.00|
|C100|1|0|98765432000188|55|00|000000104|000|09022024|12022024|56665.30|48943.88|5873.26|0.00|0.00|0.00|0.00|0.00|0.00|0.00|0|55512312300010|
|C170|1|PROD001|PECA MECANICA TIPO A|9.03|UN|499.43|5102|10|468.53|12.00|56.22|0.00|0.00|0.00|0.00|0.00|0.00|
|C170|2|PROD004|PRODUTO ACABADO D|23.09|UN|22371.62|5102|20|19069.82|12.00|2288.38|0.00|0.00|0.00|0.00|0.00|0.00|
|C170|3|PROD008|CONJUNTO MONTADO H|27.10|UN|33034.76|5102|10|28648.66|12.00|3437.84|0.00|0.00|0.00|0.00|0.00|0.00|
|C170|4|PROD005|INSUMO INDUSTRIAL E|28.28|UN|759.49|5102|00|756.87|12.00|90.82|0.00|0.00|0.00|0.00|0.00|0.00|
|C100|1|0|98765432000188|55|00|000000105|000|13022024|16022024|1018.63|0.00|0.00|0.00|0.00|0.00|0.00|0.00|0.00|0.00|0|77788899000177|
|C170|1|PROD005|INSUMO INDUSTRIAL E|26.83|UN|782.12|5401|50|0.00|12.00|0.00|0.00|0.00|0.00|0.00|0.00|0.00|
|C170|2|PROD006|EMBALAGEM PADRAO F|25.79|UN|236.51|5401|40|0.00|12.00|0.00|0.00|0.00|0.00|0.00|0.00|0.00|
|C100|1|0|98765432000188|55|00|000000106|000|15022024|15022024|3106.95|3087.42|370.49|0.00|0.00|0.00|0.00|0.00|0.00|0.00|0|33366699000100|
|C170|1|PROD007|PARTE SOBRESSALENTE G|30.99|UN|3106.95|5102|00|3087.42|12.00|370.49|0.00|0.00|0.00|0.00|0.00|0.00|
|C100|1|0|98765432000188|55|00|000000107|000|13022024|13022024|6792.77|6230.26|747.63|0.00|0.00|0.00|0.00|0.00|0.00|0.00|0|99900011000155|
|C170|1|PROD007|PARTE SOBRESSALENTE G|17.61|UN|1762.21|5403|20|1571.27|12.00|188.55|0.00|0.00|0.00|0.00|0.00|0.00|
|C170|2|PROD003|MATERIAL BRUTO C|22.49|UN|5030.56|5403|00|4658.99|12.00|559.08|0.00|0.00|0.00|0.00|0.00|0.00|
|C100|1|0|98765432000188|55|00|000000108|000|15022024|18022024|64586.16|4791.97|575.04|0.00|0.00|0.00|0.00|0.00|0.00|0.00|0|99900011000155|
|C170|1|PROD008|CONJUNTO MONTADO H|46.46|UN|57108.47|5401|50|0.00|12.00|0.00|0.00|0.00|0.00|0.00|0.00|0.00|
|C170|2|PROD001|PECA MECANICA TIPO A|23.98|UN|1825.98|5401|40|0.00|12.00|0.00|0.00|0.00|0.00|0.00|0.00|0.00|
|C170|3|PROD007|PARTE SOBRESSALENTE G|33.77|UN|4993.87|5401|00|4791.97|12.00|575.04|0.00|0.00|0.00|0.00|0.00|0.00|
|C170|4|PROD005|INSUMO INDUSTRIAL E|40.88|UN|657.84|5401|41|0.00|12.00|0.00|0.00|0.00|0.00|0.00|0.00|0.00|
|C100|1|0|98765432000188|55|00|000000109|000|11022024|11022024|6180.75|4347.47|521.70|0.00|0.00|0.00|0.00|0.00|0.00|0.00|0|55512312300010|
|C170|1|PROD003|MATERIAL BRUTO C|16.78|UN|4273.54|5401|00|4100.05|12.00|492.01|0.00|0.00|0.00|0.00|0.00|0.00|
|C170|2|PROD001|PECA MECANICA TIPO A|4.29|UN|281.88|5401|10|247.42|12.00|29.69|0.00|0.00|0.00|0.00|0.00|0.00|
|C170|3|PROD002|COMPONENTE ELETRICO B|21.03|UN|1625.33|5401|40|0.00|12.00|0.00|0.00|0.00|0.00|0.00|0.00|0.00|
|C100|1|0|98765432000188|55|00|000000110|000|04022024|05022024|95213.09|85389.83|10246.78|0.00|0.00|0.00|0.00|0.00|0.00|0.00|0|22244466000133|
|C170|1|PROD002|COMPONENTE ELETRICO B|17.48|UN|718.61|5102|51|631.81|12.00|75.82|0.00|0.00|0.00|0.00|0.00|0.00|
|C170|2|PROD008|CONJUNTO MONTADO H|35.97|UN|40601.86|5102|20|40192.00|12.00|4823.04|0.00|0.00|0.00|0.00|0.00|0.00|
|C170|3|PROD008|CONJUNTO MONTADO H|41.24|UN|48221.72|5102|00|43852.48|12.00|5262.30|0.00|0.00|0.00|0.00|0.00|0.00|
|C170|4|PROD007|PARTE SOBRESSALENTE G|40.72|UN|4898.26|5102|40|0.00|12.00|0.00|0.00|0.00|0.00|0.00|0.00|0.00|
|C170|5|PROD007|PARTE SOBRESSALENTE G|6.88|UN|772.64|5102|00|713.54|12.00|85.62|0.00|0.00|0.00|0.00|0.00|0.00|
|C100|1|0|98765432000188|55|00|000000111|000|25022024|27022024|4046.55|3715.68|445.89|0.00|0.00|0.00|0.00|0.00|0.00|0.00|0|22244466000133|
|C170|1|PROD005|INSUMO INDUSTRIAL E|24.33|UN|489.99|6102|51|447.72|12.00|53.73|0.00|0.00|0.00|0.00|0.00|0.00|
|C170|2|PROD007|PARTE SOBRESSALENTE G|3.32|UN|513.60|6102|20|481.32|12.00|57.76|0.00|0.00|0.00|0.00|0.00|0.00|
|C170|3|PROD002|COMPONENTE ELETRICO B|40.84|UN|2852.73|6102|51|2786.64|12.00|334.40|0.00|0.00|0.00|0.00|0.00|0.00|
|C170|4|PROD006|EMBALAGEM PADRAO F|21.18|UN|190.23|6102|40|0.00|12.00|0.00|0.00|0.00|0.00|0.00|0.00|0.00|
|C100|1|0|98765432000188|55|00|000000112|000|17022024|19022024|5119.08|5115.97|613.92|0.00|0.00|0.00|0.00|0.00|0.00|0.00|0|22244466000133|
|C170|1|PROD007|PARTE SOBRESSALENTE G|37.95|UN|5119.08|5401|00|5115.97|12.00|613.92|0.00|0.00|0.00|0.00|0.00|0.00|
|C100|1|0|98765432000188|55|00|000000113|000|15022024|16022024|23258.02|19825.56|2379.07|0.00|0.00|0.00|0.00|0.00|0.00|0.00|0|55512312300010|
|C170|1|PROD002|LINHA_CORROMPIDA|
|C170|2|PROD005|INSUMO INDUSTRIAL E|31.00|UN|1059.75|6101|40|0.00|12.00|0.00|0.00|0.00|0.00|0.00|0.00|0.00|
|C170|3|PROD008|CONJUNTO MONTADO H|8.23|UN|7811.05|6101|20|6824.91|12.00|818.99|0.00|0.00|0.00|0.00|0.00|0.00|
|C170|4|PROD008|CONJUNTO MONTADO H|15.19|UN|13162.00|6101|10|11788.46|12.00|1414.62|0.00|0.00|0.00|0.00|0.00|0.00|
|C100|1|0|98765432000188|55|00|000000114|000|24022024|26022024|29215.79|0.00|0.00|0.00|0.00|0.00|0.00|0.00|0.00|0.00|0|55512312300010|
|C170|1|PROD001|PECA MECANICA TIPO A|42.17|UN|4934.08|5403|70|0.00|12.00|0.00|0.00|0.00|0.00|0.00|0.00|0.00|
|C170|2|PROD004|PRODUTO ACABADO D|22.67|UN|14361.53|5403|40|0.00|12.00|0.00|0.00|0.00|0.00|0.00|0.00|0.00|
|C170|3|PROD003|MATERIAL BRUTO C|28.13|UN|8649.05|5403|40|0.00|12.00|0.00|0.00|0.00|0.00|0.00|0.00|0.00|
|C170|4|PROD005|INSUMO INDUSTRIAL E|42.47|UN|1271.13|5403|40|0.00|12.00|0.00|0.00|0.00|0.00|0.00|0.00|0.00|
|C100|1|0|98765432000188|55|00|000000115|000|22022024|24022024|9307.96|6346.52|761.58|0.00|0.00|0.00|0.00|0.00|0.00|0.00|0|99900011000155|
|C170|1|PROD003|MATERIAL BRUTO C|1.11|UN|254.37|5101|10|239.82|12.00|28.78|0.00|0.00|0.00|0.00|0.00|0.00|
|C170|2|PROD003|MATERIAL BRUTO C|24.38|UN|6476.63|5101|00|6106.70|12.00|732.80|0.00|0.00|0.00|0.00|0.00|0.00|
|C170|3|PROD002|COMPONENTE ELETRICO B|19.18|UN|1386.88|5101|40|0.00|12.00|0.00|0.00|0.00|0.00|0.00|0.00|0.00|
|C170|4|PROD005|INSUMO INDUSTRIAL E|48.71|UN|1190.08|5101|41|0.00|12.00|0.00|0.00|0.00|0.00|0.00|0.00|0.00|
|C100|1|0|98765432000188|55|00|000000116|000|14022024|17022024|673.91|632.62|75.91|0.00|0.00|0.00|0.00|0.00|0.00|0.00|0|55512312300010|
|C170|1|PROD001|PECA MECANICA TIPO A|6.23|UN|480.85|5403|00|441.17|12.00|52.94|0.00|0.00|0.00|0.00|0.00|0.00|
|C170|2|PROD002|COMPONENTE ELETRICO B|2.38|UN|193.06|5403|20|191.45|12.00|22.97|0.00|0.00|0.00|0.00|0.00|0.00|
|C100|1|0|98765432000188|55|00|000000117|000|08022024|11022024|51681.83|2637.60|316.51|0.00|0.00|0.00|0.00|0.00|0.00|0.00|0|33366699000100|
|C170|1|PROD007|PARTE SOBRESSALENTE G|5.14|UN|605.63|6101|20|515.01|12.00|61.80|0.00|0.00|0.00|0.00|0.00|0.00|
|C170|2|PROD001|PECA MECANICA TIPO A|44.43|UN|4362.78|6101|40|0.00|12.00|0.00|0.00|0.00|0.00|0.00|0.00|0.00|
|C170|3|PROD008|CONJUNTO MONTADO H|41.62|UN|44545.94|6101|30|0.00|12.00|0.00|0.00|0.00|0.00|0.00|0.00|0.00|
|C170|4|PROD006|EMBALAGEM PADRAO F|2.63|UN|23.47|6101|40|0.00|12.00|0.00|0.00|0.00|0.00|0.00|0.00|0.00|
|C170|5|PROD002|COMPONENTE ELETRICO B|25.59|UN|2144.01|6101|20|2122.59|12.00|254.71|0.00|0.00|0.00|0.00|0.00|0.00|
|C100|1|0|98765432000188|55|00|000000118|000|04022024|07022024|17379.57|0.00|0.00|0.00|0.00|0.00|0.00|0.00|0.00|0.00|0|99900011000155|
|C170|1|PROD002|COMPONENTE ELETRICO B|17.46|UN|921.35|5403|70|0.00|12.00|0.00|0.00|0.00|0.00|0.00|0.00|0.00|
|C170|2|PROD004|PRODUTO ACABADO D|24.27|UN|16458.22|5403|70|0.00|12.00|0.00|0.00|0.00|0.00|0.00|0.00|0.00|
|C100|1|0|98765432000188|55|00|000000119|000|12022024|15022024|15085.39|2779.67|333.56|0.00|0.00|0.00|0.00|0.00|0.00|0.00|0|99900011000155|
|C170|1|PROD003|MATERIAL BRUTO C|37.51|UN|11095.32|5102|60|0.00|12.00|0.00|0.00|0.00|0.00|0.00|0.00|0.00|
|C170|2|PROD007|PARTE SOBRESSALENTE G|24.59|UN|3263.32|5102|10|2779.67|12.00|333.56|0.00|0.00|0.00|0.00|0.00|0.00|
|C170|3|PROD003|MATERIAL BRUTO C|2.92|UN|726.75|5102|50|0.00|12.00|0.00|0.00|0.00|0.00|0.00|0.00|0.00|
|C100|1|0|98765432000188|55|00|000000120|000|21022024|21022024|42846.03|8527.50|1023.30|0.00|0.00|0.00|0.00|0.00|0.00|0.00|0|99900011000155|
|C170|1|PROD008|CONJUNTO MONTADO H|25.69|UN|31578.20|5101|41|0.00|12.00|0.00|0.00|0.00|0.00|0.00|0.00|0.00|
|C170|2|PROD007|PARTE SOBRESSALENTE G|31.84|UN|2665.23|5101|00|2380.64|12.00|285.68|0.00|0.00|0.00|0.00|0.00|0.00|
|C170|3|PROD005|INSUMO INDUSTRIAL E|6.59|UN|240.05|5101|00|206.18|12.00|24.74|0.00|0.00|0.00|0.00|0.00|0.00|
|C170|4|PROD002|COMPONENTE ELETRICO B|23.88|UN|1964.05|5101|41|0.00|12.00|0.00|0.00|0.00|0.00|0.00|0.00|0.00|
|C170|5|PROD003|MATERIAL BRUTO C|29.41|UN|6398.50|5101|10|5940.68|12.00|712.88|0.00|0.00|0.00|0.00|0.00|0.00|
|C100|1|0|98765432000188|55|00|000000121|000|14022024|14022024|17992.18|17028.43|2043.41|0.00|0.00|0.00|0.00|0.00|0.00|0.00|0|55512312300010|
|C170|1|PROD006|EMBALAGEM PADRAO F|5.38|UN|51.30|5101|00|45.72|12.00|5.49|0.00|0.00|0.00|0.00|0.00|0.00|
|C170|2|PROD006|EMBALAGEM PADRAO F|33.52|UN|251.03|5101|00|246.20|12.00|29.54|0.00|0.00|0.00|0.00|0.00|0.00|
|C170|3|PROD008|CONJUNTO MONTADO H|16.28|UN|17689.85|5101|00|16736.51|12.00|2008.38|0.00|0.00|0.00|0.00|0.00|0.00|
|C100|1|0|98765432000188|55|00|000000122|000|05022024|06022024|7084.38|1954.95|234.59|0.00|0.00|0.00|0.00|0.00|0.00|0.00|0|99900011000155|
|C170|1|PROD001|PECA MECANICA TIPO A|46.42|UN|3569.85|6102|40|0.00|12.00|0.00|0.00|0.00|0.00|0.00|0.00|0.00|
|C170|2|PROD007|PARTE SOBRESSALENTE G|16.08|UN|1597.71|6102|20|1441.52|12.00|172.98|0.00|0.00|0.00|0.00|0.00|0.00|
|C170|3|PROD005|INSUMO INDUSTRIAL E|35.10|UN|1375.41|6102|50|0.00|12.00|0.00|0.00|0.00|0.00|0.00|0.00|0.00|
|C170|4|PROD006|EMBALAGEM PADRAO F|47.33|UN|541.41|6102|00|513.43|12.00|61.61|0.00|0.00|0.00|0.00|0.00|0.00|
|C100|1|0|98765432000188|55|00|000000123|000|18022024|19022024|28056.15|14529.72|1743.57|0.00|0.00|0.00|0.00|0.00|0.00|0.00|0|77788899000177|
|C170|1|PROD004|PRODUTO ACABADO D|16.93|UN|12613.02|5403|40|0.00|12.00|0.00|0.00|0.00|0.00|0.00|0.00|0.00|
|C170|2|PROD007|PARTE SOBRESSALENTE G|24.74|UN|3016.42|5403|00|2722.08|12.00|326.65|0.00|0.00|0.00|0.00|0.00|0.00|
|C170|3|PROD003|MATERIAL BRUTO C|39.34|UN|12426.71|5403|51|11807.64|12.00|1416.92|0.00|0.00|0.00|0.00|0.00|0.00|
|C100|1|0|98765432000188|55|00|000000124|000|09022024|12022024|4211.43|4193.41|503.21|0.00|0.00|0.00|0.00|0.00|0.00|0.00|0|33366699000100|
|C170|1|PROD006|EMBALAGEM PADRAO F|2.99|UN|15.67|5403|10|14.71|12.00|1.77|0.00|0.00|0.00|0.00|0.00|0.00|
|C170|2|PROD001|PECA MECANICA TIPO A|47.46|UN|4195.76|5403|00|4178.70|12.00|501.44|0.00|0.00|0.00|0.00|0.00|0.00|
|C100|1|0|98765432000188|55|00|000000125|000|28022024|02032024|2630.01|2274.85|272.98|0.00|0.00|0.00|0.00|0.00|0.00|0.00|0|99900011000155|
|C170|1|PROD007|PARTE SOBRESSALENTE G|1.50|UN|189.30|5403|00|173.33|12.00|20.80|0.00|0.00|0.00|0.00|0.00|0.00|
|C170|2|PROD001|PECA MECANICA TIPO A|28.67|UN|2440.71|5403|20|2101.52|12.00|252.18|0.00|0.00|0.00|0.00|0.00|0.00|
|C100|1|0|98765432000188|55|00|000000126|000|19022024|19022024|68545.90|61090.00|7330.80|0.00|0.00|0.00|0.00|0.00|0.00|0.00|0|55512312300010|
|C170|1|PROD008|CONJUNTO MONTADO H|12.26|UN|13961.48|5403|00|13129.53|12.00|1575.54|0.00|0.00|0.00|0.00|0.00|0.00|
|C170|2|PROD008|CONJUNTO MONTADO H|34.29|UN|37191.91|5403|10|32177.41|12.00|3861.29|0.00|0.00|0.00|0.00|0.00|0.00|
|C170|3|PROD001|PECA MECANICA TIPO A|13.37|UN|912.70|5403|20|912.06|12.00|109.45|0.00|0.00|0.00|0.00|0.00|0.00|
|C170|4|PROD008|CONJUNTO MONTADO H|19.11|UN|16479.81|5403|00|14871.00|12.00|1784.52|0.00|0.00|0.00|0.00|0.00|0.00|
|C100|1|0|98765432000188|55|00|000000127|000|04022024|05022024|49380.60|2502.09|300.25|0.00|0.00|0.00|0.00|0.00|0.00|0.00|0|22244466000133|
|C170|1|PROD005|INSUMO INDUSTRIAL E|39.55|UN|1601.18|5403|40|0.00|12.00|0.00|0.00|0.00|0.00|0.00|0.00|0.00|
|C170|2|PROD004|PRODUTO ACABADO D|46.47|UN|40892.40|5403|40|0.00|12.00|0.00|0.00|0.00|0.00|0.00|0.00|0.00|
|C170|3|PROD002|COMPONENTE ELETRICO B|47.15|UN|2680.89|5403|10|2502.09|12.00|300.25|0.00|0.00|0.00|0.00|0.00|0.00|
|C170|4|PROD007|PARTE SOBRESSALENTE G|31.91|UN|4206.13|5403|40|0.00|12.00|0.00|0.00|0.00|0.00|0.00|0.00|0.00|
|C100|1|0|98765432000188|55|00|000000128|000|04022024|07022024|9663.59|9179.79|1101.57|0.00|0.00|0.00|0.00|0.00|0.00|0.00|0|22244466000133|
|C170|1|PROD001|PECA MECANICA TIPO A|25.31|UN|2917.78|5102|00|2601.67|12.00|312.20|0.00|0.00|0.00|0.00|0.00|0.00|
|C170|2|PROD003|MATERIAL BRUTO C|19.75|UN|6745.81|5102|00|6578.12|12.00|789.37|0.00|0.00|0.00|0.00|0.00|0.00|
|C100|1|0|98765432000188|55|00|000000129|000|15022024|15022024|14612.79|11592.83|1391.14|0.00|0.00|0.00|0.00|0.00|0.00|0.00|0|33366699000100|
|C170|1|PROD001|PECA MECANICA TIPO A|19.13|UN|1532.42|5403|00|1381.86|12.00|165.82|0.00|0.00|0.00|0.00|0.00|0.00|
|C170|2|PROD003|MATERIAL BRUTO C|33.32|UN|10361.85|5403|00|10210.97|12.00|1225.32|0.00|0.00|0.00|0.00|0.00|0.00|
|C170|3|PROD007|PARTE SOBRESSALENTE G|21.29|UN|2718.52|5403|40|0.00|12.00|0.00|0.00|0.00|0.00|0.00|0.00|0.00|
|C100|1|0|98765432000188|55|00|000000130|000|09022024|09022024|18048.18|779.30|93.51|0.00|0.00|0.00|0.00|0.00|0.00|0.00|0|33366699000100|
|C170|1|PROD007|PARTE SOBRESSALENTE G|3.18|UN|405.99|6102|20|371.19|12.00|44.54|0.00|0.00|0.00|0.00|0.00|0.00|
|C170|2|PROD001|PECA MECANICA TIPO A|2.02|UN|128.08|6102|30|0.00|12.00|0.00|0.00|0.00|0.00|0.00|0.00|0.00|
|C170|3|PROD002|COMPONENTE ELETRICO B|10.42|UN|454.07|6102|10|408.11|12.00|48.97|0.00|0.00|0.00|0.00|0.00|0.00|
|C170|4|PROD006|EMBALAGEM PADRAO F|9.07|UN|102.45|6102|50|0.00|12.00|0.00|0.00|0.00|0.00|0.00|0.00|0.00|
|C170|5|PROD004|PRODUTO ACABADO D|33.84|UN|16957.59|6102|50|0.00|12.00|0.00|0.00|0.00|0.00|0.00|0.00|0.00|
|C100|1|0|98765432000188|55|00|000000131|000|22022024|22022024|21768.07|19134.67|2296.15|0.00|0.00|0.00|0.00|0.00|0.00|0.00|0|33366699000100|
|C170|1|PROD003|MATERIAL BRUTO C|22.33|UN|4881.56|5401|10|4356.12|12.00|522.73|0.00|0.00|0.00|0.00|0.00|0.00|
|C170|2|PROD007|PARTE SOBRESSALENTE G|16.95|UN|1819.29|5401|00|1600.28|12.00|192.03|0.00|0.00|0.00|0.00|0.00|0.00|
|C170|3|PROD003|MATERIAL BRUTO C|41.05|UN|10858.31|5401|00|9373.36|12.00|1124.80|0.00|0.00|0.00|0.00|0.00|0.00|
|C170|4|PROD007|PARTE SOBRESSALENTE G|27.14|UN|4208.91|5401|51|3804.91|12.00|456.59|0.00|0.00|0.00|0.00|0.00|0.00|
|C100|1|0|98765432000188|55|00|000000132|000|27022024|27022024|28581.48|26457.91|3174.95|0.00|0.00|0.00|0.00|0.00|0.00|0.00|0|55512312300010|
|C170|1|PROD003|MATERIAL BRUTO C|18.74|UN|4145.07|6101|20|3527.43|12.00|423.29|0.00|0.00|0.00|0.00|0.00|0.00|
|C170|2|PROD002|COMPONENTE ELETRICO B|20.70|UN|1236.79|6101|40|0.00|12.00|0.00|0.00|0.00|0.00|0.00|0.00|0.00|
|C170|3|PROD008|CONJUNTO MONTADO H|26.02|UN|23199.62|6101|51|22930.48|12.00|2751.66|0.00|0.00|0.00|0.00|0.00|0.00|
|C100|1|0|98765432000188|55|00|000000133|000|15022024|16022024|479.07|0.00|0.00|0.00|0.00|0.00|0.00|0.00|0.00|0.00|0|55512312300010|
|C170|1|PROD002|COMPONENTE ELETRICO B|10.22|UN|479.07|5403|40|0.00|12.00|0.00|0.00|0.00|0.00|0.00|0.00|0.00|
|C100|1|0|98765432000188|55|00|000000134|000|22022024|23022024|20826.74|18074.64|2168.95|0.00|0.00|0.00|0.00|0.00|0.00|0.00|0|77788899000177|
|C170|1|PROD008|CONJUNTO MONTADO H|13.12|UN|10608.41|5403|20|9731.35|12.00|1167.76|0.00|0.00|0.00|0.00|0.00|0.00|
|C170|2|PROD006|EMBALAGEM PADRAO F|45.88|UN|367.49|5403|00|360.99|12.00|43.32|0.00|0.00|0.00|0.00|0.00|0.00|
|C170|3|PROD002|COMPONENTE ELETRICO B|17.45|UN|1009.71|5403|30|0.00|12.00|0.00|0.00|0.00|0.00|0.00|0.00|0.00|
|C170|4|PROD004|PRODUTO ACABADO D|7.06|UN|5677.99|5403|00|5154.03|12.00|618.48|0.00|0.00|0.00|0.00|0.00|0.00|
|C170|5|PROD002|COMPONENTE ELETRICO B|48.51|UN|3163.14|5403|20|2828.27|12.00|339.39|0.00|0.00|0.00|0.00|0.00|0.00|
|C100|1|0|98765432000188|55|00|000000135|000|19022024|21022024|19744.00|13381.56|1605.79|0.00|0.00|0.00|0.00|0.00|0.00|0.00|0|77788899000177|
|C170|1|PROD005|INSUMO INDUSTRIAL E|25.25|UN|1052.42|5401|50|0.00|12.00|0.00|0.00|0.00|0.00|0.00|0.00|0.00|
|C170|2|PROD007|PARTE SOBRESSALENTE G|37.76|UN|4239.27|5401|30|0.00|12.00|0.00|0.00|0.00|0.00|0.00|0.00|0.00|
|C170|3|PROD002|COMPONENTE ELETRICO B|35.76|UN|2259.48|5401|51|2228.92|12.00|267.47|0.00|0.00|0.00|0.00|0.00|0.00|
|C170|4|PROD004|PRODUTO ACABADO D|17.19|UN|11928.46|5401|20|10924.93|12.00|1310.99|0.00|0.00|0.00|0.00|0.00|0.00|
|C170|5|PROD006|EMBALAGEM PADRAO F|25.57|UN|264.37|5401|00|227.71|12.00|27.33|0.00|0.00|0.00|0.00|0.00|0.00|
|C100|1|0|98765432000188|55|00|000000136|000|29022024|01032024|15864.47|10985.66|1318.28|0.00|0.00|0.00|0.00|0.00|0.00|0.00|0|55512312300010|
|C170|1|PROD004|PRODUTO ACABADO D|11.16|UN|9226.58|5101|00|8118.98|12.00|974.28|0.00|0.00|0.00|0.00|0.00|0.00|
|C170|2|PROD001|PECA MECANICA TIPO A|33.05|UN|3493.25|5101|40|0.00|12.00|0.00|0.00|0.00|0.00|0.00|0.00|0.00|
|C170|3|PROD002|COMPONENTE ELETRICO B|44.47|UN|1568.28|5101|00|1426.67|12.00|171.20|0.00|0.00|0.00|0.00|0.00|0.00|
|C170|4|PROD001|PECA MECANICA TIPO A|14.70|UN|1576.36|5101|00|1440.01|12.00|172.80|0.00|0.00|0.00|0.00|0.00|0.00|
|C100|1|0|98765432000188|55|00|000000137|000|02022024|02022024|1663.47|1165.44|139.85|0.00|0.00|0.00|0.00|0.00|0.00|0.00|0|99900011000155|
|C170|1|PROD005|INSUMO INDUSTRIAL E|37.14|UN|1173.35|6101|51|1165.44|12.00|139.85|0.00|0.00|0.00|0.00|0.00|0.00|
|C170|2|PROD007|PARTE SOBRESSALENTE G|4.53|UN|490.12|6101|41|0.00|12.00|0.00|0.00|0.00|0.00|0.00|0.00|0.00|
|C100|1|0|98765432000188|55|00|000000138|000|19022024|22022024|4196.13|3931.65|471.80|0.00|0.00|0.00|0.00|0.00|0.00|0.00|0|77788899000177|
|C170|1|PROD003|MATERIAL BRUTO C|13.06|UN|4196.13|6101|51|3931.65|12.00|471.80|0.00|0.00|0.00|0.00|0.00|0.00|
|C100|1|0|98765432000188|55|00|000000139|000|01022024|04022024|906.86|778.94|93.47|0.00|0.00|0.00|0.00|0.00|0.00|0.00|0|55512312300010|
|C170|1|PROD005|INSUMO INDUSTRIAL E|42.46|UN|906.86|5403|10|778.94|12.00|93.47|0.00|0.00|0.00|0.00|0.00|0.00|
|C100|1|0|98765432000188|55|00|000000140|000|02022024|03022024|8653.74|2588.92|310.67|0.00|0.00|0.00|0.00|0.00|0.00|0.00|0|22244466000133|
|C170|1|PROD007|PARTE SOBRESSALENTE G|47.64|UN|5916.31|5403|40|0.00|12.00|0.00|0.00|0.00|0.00|0.00|0.00|0.00|
|C170|2|PROD003|MATERIAL BRUTO C|8.09|UN|2737.43|5403|10|2588.92|12.00|310.67|0.00|0.00|0.00|0.00|0.00|0.00|
|C100|1|0|98765432000188|55|00|000000141|000|23022024|24022024|36548.23|0.00|0.00|0.00|0.00|0.00|0.00|0.00|0.00|0.00|0|99900011000155|
|C170|1|PROD008|CONJUNTO MONTADO H|39.04|UN|36548.23|5403|70|0.00|12.00|0.00|0.00|0.00|0.00|0.00|0.00|0.00|
|C100|1|0|98765432000188|55|00|000000142|000|03022024|03022024|17029.70|12718.59|1526.23|0.00|0.00|0.00|0.00|0.00|0.00|0.00|0|77788899000177|
|C170|1|PROD001|PECA MECANICA TIPO A|31.06|UN|2818.75|6101|60|0.00|12.00|0.00|0.00|0.00|0.00|0.00|0.00|0.00|
|C170|2|PROD003|MATERIAL BRUTO C|1.86|UN|411.03|6101|40|0.00|12.00|0.00|0.00|0.00|0.00|0.00|0.00|0.00|
|C170|3|PROD004|PRODUTO ACABADO D|26.65|UN|13799.92|6101|90|12718.59|12.00|1526.23|0.00|0.00|0.00|0.00|0.00|0.00|
|C100|1|0|98765432000188|55|00|000000143|000|06022024|09022024|88971.27|58974.93|7076.98|0.00|0.00|0.00|0.00|0.00|0.00|0.00|0|33366699000100|
|C170|1|PROD004|PRODUTO ACABADO D|28.07|UN|24308.22|6101|40|0.00|12.00|0.00|0.00|0.00|0.00|0.00|0.00|0.00|
|C170|2|PROD003|MATERIAL BRUTO C|40.67|UN|13823.93|6101|00|11837.37|12.00|1420.48|0.00|0.00|0.00|0.00|0.00|0.00|
|C170|3|PROD008|CONJUNTO MONTADO H|47.74|UN|49156.22|6101|00|45657.19|12.00|5478.86|0.00|0.00|0.00|0.00|0.00|0.00|
|C170|4|PROD002|COMPONENTE ELETRICO B|48.71|UN|1682.90|6101|00|1480.37|12.00|177.64|0.00|0.00|0.00|0.00|0.00|0.00|
|C100|1|0|98765432000188|55|00|000000144|000|07022024|07022024|4464.85|4067.20|488.06|0.00|0.00|0.00|0.00|0.00|0.00|0.00|0|55512312300010|
|C170|1|PROD001|PECA MECANICA TIPO A|42.43|UN|4316.40|6101|10|3926.50|12.00|471.18|0.00|0.00|0.00|0.00|0.00|0.00|
|C170|2|PROD001|PECA MECANICA TIPO A|2.94|UN|148.45|6101|00|140.70|12.00|16.88|0.00|0.00|0.00|0.00|0.00|0.00|
|C100|1|0|98765432000188|55|00|000000145|000|16022024|18022024|47861.06|25745.16|3089.42|0.00|0.00|0.00|0.00|0.00|0.00|0.00|0|33366699000100|
|C170|1|PROD008|CONJUNTO MONTADO H|27.18|UN|29101.91|6101|00|25745.16|12.00|3089.42|0.00|0.00|0.00|0.00|0.00|0.00|
|C170|2|PROD004|PRODUTO ACABADO D|23.63|UN|17860.03|6101|60|0.00|12.00|0.00|0.00|0.00|0.00|0.00|0.00|0.00|
|C170|3|PROD005|INSUMO INDUSTRIAL E|47.02|UN|899.12|6101|41|0.00|12.00|0.00|0.00|0.00|0.00|0.00|0.00|0.00|
|C100|1|0|98765432000188|55|00|000000146|000|06022024|07022024|14639.57|13726.62|1647.20|0.00|0.00|0.00|0.00|0.00|0.00|0.00|0|77788899000177|
|C170|1|PROD006|EMBALAGEM PADRAO F|6.50|UN|59.43|6101|51|52.73|12.00|6.33|0.00|0.00|0.00|0.00|0.00|0.00|
|C170|2|PROD002|COMPONENTE ELETRICO B|34.51|UN|2640.93|6101|00|2550.16|12.00|306.02|0.00|0.00|0.00|0.00|0.00|0.00|
|C170|3|PROD007|PARTE SOBRESSALENTE G|19.02|UN|1879.19|6101|00|1748.68|12.00|209.84|0.00|0.00|0.00|0.00|0.00|0.00|
|C170|4|PROD003|MATERIAL BRUTO C|39.58|UN|10060.02|6101|00|9375.05|12.00|1125.01|0.00|0.00|0.00|0.00|0.00|0.00|
|C100|1|0|98765432000188|55|00|000000147|000|16022024|17022024|20765.88|3336.31|400.36|0.00|0.00|0.00|0.00|0.00|0.00|0.00|0|55512312300010|
|C170|1|PROD007|PARTE SOBRESSALENTE G|30.33|UN|3696.50|6102|20|3336.31|12.00|400.36|0.00|0.00|0.00|0.00|0.00|0.00|
|C170|2|PROD002|COMPONENTE ELETRICO B|48.92|UN|3215.84|6102|40|0.00|12.00|0.00|0.00|0.00|0.00|0.00|0.00|0.00|
|C170|3|PROD004|PRODUTO ACABADO D|14.73|UN|13853.54|6102|30|0.00|12.00|0.00|0.00|0.00|0.00|0.00|0.00|0.00|
|C100|1|0|98765432000188|55|00|000000148|000|16022024|18022024|2986.92|2799.22|335.91|0.00|0.00|0.00|0.00|0.00|0.00|0.00|0|99900011000155|
|C170|1|PROD007|PARTE SOBRESSALENTE G|25.49|UN|2986.92|5101|00|2799.22|12.00|335.91|0.00|0.00|0.00|0.00|0.00|0.00|
|C100|1|0|98765432000188|55|00|000000149|000|04022024|07022024|31.71|29.75|3.57|0.00|0.00|0.00|0.00|0.00|0.00|0.00|0|77788899000177|
|C170|1|PROD006|EMBALAGEM PADRAO F|4.81|UN|31.71|5102|10|29.75|12.00|3.57|0.00|0.00|0.00|0.00|0.00|0.00|
|C100|1|0|98765432000188|55|00|000000150|000|01022024|03022024|1384.57|1227.04|147.24|0.00|0.00|0.00|0.00|0.00|0.00|0.00|0|99900011000155|
|C170|1|PROD002|COMPONENTE ELETRICO B|19.36|UN|1028.76|5102|20|877.28|12.00|105.27|0.00|0.00|0.00|0.00|0.00|0.00|
|C170|2|PROD007|PARTE SOBRESSALENTE G|3.39|UN|355.81|5102|00|349.76|12.00|41.97|0.00|0.00|0.00|0.00|0.00|0.00|
|C100|1|0|98765432000188|55|00|000000151|000|07022024|09022024|3544.11|0.00|0.00|0.00|0.00|0.00|0.00|0.00|0.00|0.00|0|77788899000177|
|C170|1|PROD007|PARTE SOBRESSALENTE G|22.30|UN|3544.11|5102|50|0.00|12.00|0.00|0.00|0.00|0.00|0.00|0.00|0.00|
|C100|1|0|98765432000188|55|00|000000152|000|02022024|03022024|7977.91|987.14|118.45|0.00|0.00|0.00|0.00|0.00|0.00|0.00|0|22244466000133|
|C170|1|PROD006|EMBALAGEM PADRAO F|12.11|UN|70.47|5101|00|60.45|12.00|7.25|0.00|0.00|0.00|0.00|0.00|0.00|
|C170|2|PROD002|COMPONENTE ELETRICO B|27.94|UN|1078.09|5101|00|926.69|12.00|111.20|0.00|0.00|0.00|0.00|0.00|0.00|
|C170|3|PROD004|PRODUTO ACABADO D|5.20|UN|3720.39|5101|40|0.00|12.00|0.00|0.00|0.00|0.00|0.00|0.00|0.00|
|C170|4|PROD007|PARTE SOBRESSALENTE G|29.52|UN|3108.96|5101|60|0.00|12.00|0.00|0.00|0.00|0.00|0.00|0.00|0.00|
|C100|1|0|98765432000188|55|00|000000153|000|02022024|04022024|26473.88|22196.80|2663.62|0.00|0.00|0.00|0.00|0.00|0.00|0.00|0|33366699000100|
|C170|1|PROD006|EMBALAGEM PADRAO F|1.57|UN|17.09|5101|41|0.00|12.00|0.00|0.00|0.00|0.00|0.00|0.00|0.00|
|C170|2|PROD005|INSUMO INDUSTRIAL E|17.30|UN|619.97|5101|41|0.00|12.00|0.00|0.00|0.00|0.00|0.00|0.00|0.00|
|C170|3|PROD001|PECA MECANICA TIPO A|12.40|UN|931.24|5101|50|0.00|12.00|0.00|0.00|0.00|0.00|0.00|0.00|0.00|
|C170|4|PROD001|PECA MECANICA TIPO A|49.89|UN|3768.62|5101|10|3470.06|12.00|416.41|0.00|0.00|0.00|0.00|0.00|0.00|
|C170|5|PROD008|CONJUNTO MONTADO H|22.18|UN|21136.96|5101|00|18726.74|12.00|2247.21|0.00|0.00|0.00|0.00|0.00|0.00|
|C100|1|0|98765432000188|55|00|000000154|000|05022024|06022024|25315.03|11682.11|1401.85|0.00|0.00|0.00|0.00|0.00|0.00|0.00|0|55512312300010|
|C170|1|PROD004|PRODUTO ACABADO D|21.75|UN|12633.41|6101|40|0.00|12.00|0.00|0.00|0.00|0.00|0.00|0.00|0.00|
|C170|2|PROD001|PECA MECANICA TIPO A|48.38|UN|3659.16|6101|20|3353.87|12.00|402.46|0.00|0.00|0.00|0.00|0.00|0.00|
|C170|3|PROD004|PRODUTO ACABADO D|4.98|UN|3207.63|6101|00|2953.02|12.00|354.36|0.00|0.00|0.00|0.00|0.00|0.00|
|C170|4|PROD003|MATERIAL BRUTO C|25.42|UN|5814.83|6101|00|5375.22|12.00|645.03|0.00|0.00|0.00|0.00|0.00|0.00|
|C100|1|0|98765432000188|55|00|000000155|000|20022024|23022024|72696.23|0.00|0.00|0.00|0.00|0.00|0.00|0.00|0.00|0.00|0|99900011000155|
|C170|1|PROD002|COMPONENTE ELETRICO B|23.77|UN|1905.95|6102|40|0.00|12.00|0.00|0.00|0.00|0.00|0.00|0.00|0.00|
|C170|2|PROD008|CONJUNTO MONTADO H|45.60|UN|61425.56|6102|40|0.00|12.00|0.00|0.00|0.00|0.00|0.00|0.00|0.00|
|C170|3|PROD003|MATERIAL BRUTO C|36.00|UN|9364.72|6102|40|0.00|12.00|0.00|0.00|0.00|0.00|0.00|0.00|0.00|
|C100|1|0|98765432000188|55|00|000000156|000|04022024|07022024|7863.82|4577.95|549.35|0.00|0.00|0.00|0.00|0.00|0.00|0.00|0|77788899000177|
|C170|1|PROD007|PARTE SOBRESSALENTE G|8.96|UN|905.61|5101|00|865.09|12.00|103.81|0.00|0.00|0.00|0.00|0.00|0.00|
|C170|2|PROD001|PECA MECANICA TIPO A|25.54|UN|3053.71|5101|60|0.00|12.00|0.00|0.00|0.00|0.00|0.00|0.00|0.00|
|C170|3|PROD001|PECA MECANICA TIPO A|48.34|UN|3904.50|5101|00|3712.86|12.00|445.54|0.00|0.00|0.00|0.00|0.00|0.00|
|C100|1|0|98765432000188|55|00|000000157|000|15022024|15022024|104871.16|93951.61|11274.18|0.00|0.00|0.00|0.00|0.00|0.00|0.00|0|77788899000177|
|C170|1|PROD008|CONJUNTO MONTADO H|46.18|UN|54386.44|6102|20|48848.62|12.00|5861.83|0.00|0.00|0.00|0.00|0.00|0.00|
|C170|2|PROD008|CONJUNTO MONTADO H|45.33|UN|41805.14|6102|00|37740.95|12.00|4528.91|0.00|0.00|0.00|0.00|0.00|0.00|
|C170|3|PROD003|MATERIAL BRUTO C|37.27|UN|7482.38|6102|00|7362.04|12.00|883.44|0.00|0.00|0.00|0.00|0.00|0.00|
|C170|4|PROD005|INSUMO INDUSTRIAL E|32.83|UN|1197.20|6102|70|0.00|12.00|0.00|0.00|0.00|0.00|0.00|0.00|0.00|
|C100|1|0|98765432000188|55|00|000000158|000|29022024|29022024|10230.06|9726.90|1167.23|0.00|0.00|0.00|0.00|0.00|0.00|0.00|0|22244466000133|
|C170|1|PROD004|PRODUTO ACABADO D|11.11|UN|10230.06|5403|00|9726.90|12.00|1167.23|0.00|0.00|0.00|0.00|0.00|0.00|
|C100|1|0|98765432000188|55|00|000000159|000|07022024|08022024|34293.97|3361.51|403.38|0.00|0.00|0.00|0.00|0.00|0.00|0.00|0|22244466000133|
|C170|1|PROD006|EMBALAGEM PADRAO F|16.58|UN|151.02|5101|10|147.36|12.00|17.68|0.00|0.00|0.00|0.00|0.00|0.00|
|C170|2|PROD006|EMBALAGEM PADRAO F|13.72|UN|71.47|5101|40|0.00|12.00|0.00|0.00|0.00|0.00|0.00|0.00|0.00|
|C170|3|PROD004|PRODUTO ACABADO D|33.62|UN|30559.67|5101|60|0.00|12.00|0.00|0.00|0.00|0.00|0.00|0.00|0.00|
|C170|4|PROD001|PECA MECANICA TIPO A|45.64|UN|3210.49|5101|00|2920.97|12.00|350.52|0.00|0.00|0.00|0.00|0.00|0.00|
|C170|5|PROD002|COMPONENTE ELETRICO B|3.81|UN|301.32|5101|20|293.18|12.00|35.18|0.00|0.00|0.00|0.00|0.00|0.00|
|C100|1|0|98765432000188|55|00|000000160|000|28022024|01032024|9281.44|0.00|0.00|0.00|0.00|0.00|0.00|0.00|0.00|0.00|0|77788899000177|
|C170|1|PROD004|PRODUTO ACABADO D|14.73|UN|9281.44|5101|40|0.00|12.00|0.00|0.00|0.00|0.00|0.00|0.00|0.00|
|C100|1|0|98765432000188|55|00|000000161|000|22022024|22022024|64391.14|48270.31|5792.44|0.00|0.00|0.00|0.00|0.00|0.00|0.00|0|33366699000100|
|C170|1|PROD008|CONJUNTO MONTADO H|33.28|UN|45262.27|5101|00|44648.34|12.00|5357.80|0.00|0.00|0.00|0.00|0.00|0.00|
|C170|2|PROD004|PRODUTO ACABADO D|26.88|UN|15077.80|5101|70|0.00|12.00|0.00|0.00|0.00|0.00|0.00|0.00|0.00|
|C170|3|PROD008|CONJUNTO MONTADO H|4.06|UN|4051.07|5101|90|3621.97|12.00|434.64|0.00|0.00|0.00|0.00|0.00|0.00|
|C100|1|0|98765432000188|55|00|000000162|000|26022024|26022024|41870.45|6968.32|836.20|0.00|0.00|0.00|0.00|0.00|0.00|0.00|0|55512312300010|
|C170|1|PROD003|MATERIAL BRUTO C|18.04|UN|5306.60|5403|10|4629.06|12.00|555.49|0.00|0.00|0.00|0.00|0.00|0.00|
|C170|2|PROD001|PECA MECANICA TIPO A|14.68|UN|1441.97|5403|10|1257.44|12.00|150.89|0.00|0.00|0.00|0.00|0.00|0.00|
|C170|3|PROD005|INSUMO INDUSTRIAL E|42.43|UN|1203.74|5403|20|1081.82|12.00|129.82|0.00|0.00|0.00|0.00|0.00|0.00|
|C170|4|PROD008|CONJUNTO MONTADO H|38.30|UN|33074.06|5403|70|0.00|12.00|0.00|0.00|0.00|0.00|0.00|0.00|0.00|
|C170|5|PROD005|INSUMO INDUSTRIAL E|37.85|UN|844.08|5403|41|0.00|12.00|0.00|0.00|0.00|0.00|0.00|0.00|0.00|
|C100|1|0|98765432000188|55|00|000000163|000|14022024|14022024|8534.59|4982.52|597.90|0.00|0.00|0.00|0.00|0.00|0.00|0.00|0|55512312300010|
|C170|1|PROD001|PECA MECANICA TIPO A|49.04|UN|5639.11|5401|00|4982.52|12.00|597.90|0.00|0.00|0.00|0.00|0.00|0.00|
|C170|2|PROD006|EMBALAGEM PADRAO F|34.04|UN|323.05|5401|40|0.00|12.00|0.00|0.00|0.00|0.00|0.00|0.00|0.00|
|C170|3|PROD002|COMPONENTE ELETRICO B|39.70|UN|2572.43|5401|41|0.00|12.00|0.00|0.00|0.00|0.00|0.00|0.00|0.00|
|C100|1|0|98765432000188|55|00|000000164|000|16022024|16022024|9874.63|8237.04|988.45|0.00|0.00|0.00|0.00|0.00|0.00|0.00|0|55512312300010|
|C170|1|PROD005|INSUMO INDUSTRIAL E|37.64|UN|618.75|6102|40|0.00|12.00|0.00|0.00|0.00|0.00|0.00|0.00|0.00|
|C170|2|PROD005|INSUMO INDUSTRIAL E|38.53|UN|814.57|6102|00|705.39|12.00|84.65|0.00|0.00|0.00|0.00|0.00|0.00|
|C170|3|PROD006|EMBALAGEM PADRAO F|34.01|UN|321.05|6102|90|303.65|12.00|36.44|0.00|0.00|0.00|0.00|0.00|0.00|
|C170|4|PROD003|MATERIAL BRUTO C|24.93|UN|8120.26|6102|00|7228.00|12.00|867.36|0.00|0.00|0.00|0.00|0.00|0.00|
|C100|1|0|98765432000188|55|00|000000165|000|12022024|15022024|30803.22|4125.57|495.07|0.00|0.00|0.00|0.00|0.00|0.00|0.00|0|77788899000177|
|C170|1|PROD007|PARTE SOBRESSALENTE G|38.82|UN|3590.48|5102|70|0.00|12.00|0.00|0.00|0.00|0.00|0.00|0.00|0.00|
|C170|2|PROD004|PRODUTO ACABADO D|42.00|UN|22540.63|5102|50|0.00|12.00|0.00|0.00|0.00|0.00|0.00|0.00|0.00|
|C170|3|PROD001|PECA MECANICA TIPO A|35.42|UN|3746.76|5102|10|3327.56|12.00|399.31|0.00|0.00|0.00|0.00|0.00|0.00|
|C170|4|PROD004|PRODUTO ACABADO D|1.20|UN|925.35|5102|20|798.01|12.00|95.76|0.00|0.00|0.00|0.00|0.00|0.00|
|C100|1|0|98765432000188|55|00|000000166|000|17022024|19022024|10103.09|2585.39|310.24|0.00|0.00|0.00|0.00|0.00|0.00|0.00|0|55512312300010|
|C170|1|PROD005|INSUMO INDUSTRIAL E|31.39|UN|614.26|6101|00|588.85|12.00|70.66|0.00|0.00|0.00|0.00|0.00|0.00|
|C170|2|PROD006|EMBALAGEM PADRAO F|33.20|UN|248.36|6101|40|0.00|12.00|0.00|0.00|0.00|0.00|0.00|0.00|0.00|
|C170|3|PROD003|MATERIAL BRUTO C|24.67|UN|7045.83|6101|30|0.00|12.00|0.00|0.00|0.00|0.00|0.00|0.00|0.00|
|C170|4|PROD001|PECA MECANICA TIPO A|27.00|UN|2194.64|6101|00|1996.54|12.00|239.58|0.00|0.00|0.00|0.00|0.00|0.00|
|C100|1|0|98765432000188|55|00|000000167|000|13022024|14022024|85476.65|128.48|15.42|0.00|0.00|0.00|0.00|0.00|0.00|0.00|0|55512312300010|
|C170|1|PROD005|INSUMO INDUSTRIAL E|5.43|UN|132.20|6102|00|128.48|12.00|15.42|0.00|0.00|0.00|0.00|0.00|0.00|
|C170|2|PROD008|CONJUNTO MONTADO H|36.33|UN|48887.61|6102|40|0.00|12.00|0.00|0.00|0.00|0.00|0.00|0.00|0.00|
|C170|3|PROD003|MATERIAL BRUTO C|46.58|UN|11980.47|6102|40|0.00|12.00|0.00|0.00|0.00|0.00|0.00|0.00|0.00|
|C170|4|PROD004|PRODUTO ACABADO D|26.13|UN|24249.25|6102|40|0.00|12.00|0.00|0.00|0.00|0.00|0.00|0.00|0.00|
|C170|5|PROD006|EMBALAGEM PADRAO F|26.02|UN|227.12|6102|40|0.00|12.00|0.00|0.00|0.00|0.00|0.00|0.00|0.00|
|C100|1|0|98765432000188|55|00|000000168|000|13022024|14022024|1230.07|0.00|0.00|0.00|0.00|0.00|0.00|0.00|0.00|0.00|0|55512312300010|
|C170|1|PROD002|COMPONENTE ELETRICO B|33.72|UN|1230.07|5101|70|0.00|12.00|0.00|0.00|0.00|0.00|0.00|0.00|0.00|
|C100|1|0|98765432000188|55|00|000000169|000|20022024|21022024|25718.36|1602.48|192.30|0.00|0.00|0.00|0.00|0.00|0.00|0.00|0|33366699000100|
|C170|1|PROD007|PARTE SOBRESSALENTE G|11.27|UN|1763.82|6101|00|1602.48|12.00|192.30|0.00|0.00|0.00|0.00|0.00|0.00|
|C170|2|PROD008|CONJUNTO MONTADO H|25.42|UN|23954.54|6101|50|0.00|12.00|0.00|0.00|0.00|0.00|0.00|0.00|0.00|
|C100|1|0|98765432000188|55|00|000000170|000|17022024|19022024|29051.23|0.00|0.00|0.00|0.00|0.00|0.00|0.00|0.00|0.00|0|77788899000177|
|C170|1|PROD004|PRODUTO ACABADO D|34.76|UN|29051.23|5403|70|0.00|12.00|0.00|0.00|0.00|0.00|0.00|0.00|0.00|
|C100|1|0|98765432000188|55|00|000000171|000|03022024|04022024|6216.89|103.04|12.36|0.00|0.00|0.00|0.00|0.00|0.00|0.00|0|33366699000100|
|C170|1|PROD004|PRODUTO ACABADO D|10.24|UN|6112.41|5401|40|0.00|12.00|0.00|0.00|0.00|0.00|0.00|0.00|0.00|
|C170|2|PROD006|EMBALAGEM PADRAO F|12.39|UN|104.48|5401|00|103.04|12.00|12.36|0.00|0.00|0.00|0.00|0.00|0.00|
|C100|1|0|98765432000188|55|00|000000172|000|22022024|24022024|3768.22|0.00|0.00|0.00|0.00|0.00|0.00|0.00|0.00|0.00|0|55512312300010|
|C170|1|PROD001|PECA MECANICA TIPO A|2.70|UN|247.24|6102|60|0.00|12.00|0.00|0.00|0.00|0.00|0.00|0.00|0.00|
|C170|2|PROD003|MATERIAL BRUTO C|13.78|UN|3520.98|6102|30|0.00|12.00|0.00|0.00|0.00|0.00|0.00|0.00|0.00|
|C100|1|0|98765432000188|55|00|000000173|000|20022024|22022024|13574.38|0.00|0.00|0.00|0.00|0.00|0.00|0.00|0.00|0.00|0|55512312300010|
|C170|1|PROD001|PECA MECANICA TIPO A|28.76|UN|2773.23|5102|50|0.00|12.00|0.00|0.00|0.00|0.00|0.00|0.00|0.00|
|C170|2|PROD007|PARTE SOBRESSALENTE G|17.17|UN|2681.78|5102|60|0.00|12.00|0.00|0.00|0.00|0.00|0.00|0.00|0.00|
|C170|3|PROD003|MATERIAL BRUTO C|40.53|UN|8119.37|5102|41|0.00|12.00|0.00|0.00|0.00|0.00|0.00|0.00|0.00|
|C100|1|0|98765432000188|55|00|000000174|000|12022024|15022024|7887.76|5398.03|647.76|0.00|0.00|0.00|0.00|0.00|0.00|0.00|0|33366699000100|
|C170|1|PROD007|PARTE SOBRESSALENTE G|24.94|UN|2913.74|5403|10|2541.78|12.00|305.01|0.00|0.00|0.00|0.00|0.00|0.00|
|C170|2|PROD006|EMBALAGEM PADRAO F|26.51|UN|248.91|5403|20|237.00|12.00|28.44|0.00|0.00|0.00|0.00|0.00|0.00|
|C170|3|PROD002|COMPONENTE ELETRICO B|45.32|UN|1677.71|5403|00|1486.29|12.00|178.35|0.00|0.00|0.00|0.00|0.00|0.00|
|C170|4|PROD003|MATERIAL BRUTO C|6.08|UN|1817.68|5403|40|0.00|12.00|0.00|0.00|0.00|0.00|0.00|0.00|0.00|
|C170|5|PROD007|PARTE SOBRESSALENTE G|12.73|UN|1229.72|5403|00|1132.96|12.00|135.96|0.00|0.00|0.00|0.00|0.00|0.00|
|C100|1|0|98765432000188|55|00|000000175|000|12022024|12022024|50893.59|826.74|99.21|0.00|0.00|0.00|0.00|0.00|0.00|0.00|0|77788899000177|
|C170|1|PROD004|PRODUTO ACABADO D|41.78|UN|37185.98|5102|40|0.00|12.00|0.00|0.00|0.00|0.00|0.00|0.00|0.00|
|C170|2|PROD005|INSUMO INDUSTRIAL E|43.97|UN|861.73|5102|00|826.74|12.00|99.21|0.00|0.00|0.00|0.00|0.00|0.00|
|C170|3|PROD008|CONJUNTO MONTADO H|9.89|UN|12845.88|5102|60|0.00|12.00|0.00|0.00|0.00|0.00|0.00|0.00|0.00|
|C100|1|0|98765432000188|55|00|000000176|000|16022024|17022024|66626.29|0.00|0.00|0.00|0.00|0.00|0.00|0.00|0.00|0.00|0|99900011000155|
|C170|1|PROD008|CONJUNTO MONTADO H|47.12|UN|57943.44|6101|40|0.00|12.00|0.00|0.00|0.00|0.00|0.00|0.00|0.00|
|C170|2|PROD007|PARTE SOBRESSALENTE G|15.92|UN|2017.83|6101|50|0.00|12.00|0.00|0.00|0.00|0.00|0.00|0.00|0.00|
|C170|3|PROD004|PRODUTO ACABADO D|13.18|UN|6665.02|6101|30|0.00|12.00|0.00|0.00|0.00|0.00|0.00|0.00|0.00|
|C100|1|0|98765432000188|55|00|000000177|000|18022024|21022024|12782.51|11626.38|1395.17|0.00|0.00|0.00|0.00|0.00|0.00|0.00|0|33366699000100|
|C170|1|PROD004|PRODUTO ACABADO D|12.03|UN|11720.75|6101|20|11626.38|12.00|1395.17|0.00|0.00|0.00|0.00|0.00|0.00|
|C170|2|PROD002|COMPONENTE ELETRICO B|28.14|UN|1061.76|6101|40|0.00|12.00|0.00|0.00|0.00|0.00|0.00|0.00|0.00|
|C100|1|0|98765432000188|55|00|000000178|000|01022024|02022024|6674.34|6217.27|746.07|0.00|0.00|0.00|0.00|0.00|0.00|0.00|0|99900011000155|
|C170|1|PROD003|MATERIAL BRUTO C|31.61|UN|6674.34|5403|20|6217.27|12.00|746.07|0.00|0.00|0.00|0.00|0.00|0.00|
|C100|1|0|98765432000188|55|00|000000179|000|23022024|24022024|2714.68|2608.98|313.08|0.00|0.00|0.00|0.00|0.00|0.00|0.00|0|33366699000100|
|C170|1|PROD002|COMPONENTE ELETRICO B|32.26|UN|2714.68|6101|20|2608.98|12.00|313.08|0.00|0.00|0.00|0.00|0.00|0.00|
|C100|1|0|98765432000188|55|00|000000180|000|18022024|18022024|16548.58|15161.73|1819.41|0.00|0.00|0.00|0.00|0.00|0.00|0.00|0|77788899000177|
|C170|1|PROD007|PARTE SOBRESSALENTE G|33.89|UN|4269.30|5101|10|3824.99|12.00|459.00|0.00|0.00|0.00|0.00|0.00|0.00|
|C170|2|PROD004|PRODUTO ACABADO D|18.95|UN|12279.28|5101|20|11336.74|12.00|1360.41|0.00|0.00|0.00|0.00|0.00|0.00|
|C100|1|0|98765432000188|55|00|000000181|000|01022024|03022024|20395.94|0.00|0.00|0.00|0.00|0.00|0.00|0.00|0.00|0.00|0|55512312300010|
|C170|1|PROD003|MATERIAL BRUTO C|42.85|UN|14464.97|5102|40|0.00|12.00|0.00|0.00|0.00|0.00|0.00|0.00|0.00|
|C170|2|PROD008|CONJUNTO MONTADO H|5.96|UN|4686.70|5102|30|0.00|12.00|0.00|0.00|0.00|0.00|0.00|0.00|0.00|
|C170|3|PROD005|INSUMO INDUSTRIAL E|33.72|UN|1244.27|5102|40|0.00|12.00|0.00|0.00|0.00|0.00|0.00|0.00|0.00|
|C100|1|0|98765432000188|55|00|000000182|000|17022024|19022024|450.58|199.61|23.95|0.00|0.00|0.00|0.00|0.00|0.00|0.00|0|77788899000177|
|C170|1|PROD006|EMBALAGEM PADRAO F|25.12|UN|229.56|5101|40|0.00|12.00|0.00|0.00|0.00|0.00|0.00|0.00|0.00|
|C170|2|PROD005|INSUMO INDUSTRIAL E|9.13|UN|221.02|5101|20|199.61|12.00|23.95|0.00|0.00|0.00|0.00|0.00|0.00|
|C100|1|0|98765432000188|55|00|000000183|000|03022024|05022024|29901.40|24634.96|2956.20|0.00|0.00|0.00|0.00|0.00|0.00|0.00|0|22244466000133|
|C170|1|PROD001|PECA MECANICA TIPO A|12.51|UN|1276.44|5403|20|1088.06|12.00|130.57|0.00|0.00|0.00|0.00|0.00|0.00|
|C170|2|PROD008|CONJUNTO MONTADO H|21.14|UN|24872.75|5403|20|23546.90|12.00|2825.63|0.00|0.00|0.00|0.00|0.00|0.00|
|C170|3|PROD007|PARTE SOBRESSALENTE G|33.46|UN|3752.21|5403|41|0.00|12.00|0.00|0.00|0.00|0.00|0.00|0.00|0.00|
|C100|1|0|98765432000188|55|00|000000184|000|03022024|03022024|421.46|395.56|47.47|0.00|0.00|0.00|0.00|0.00|0.00|0.00|0|77788899000177|
|C170|1|PROD006|EMBALAGEM PADRAO F|35.15|UN|421.46|6101|90|395.56|12.00|47.47|0.00|0.00|0.00|0.00|0.00|0.00|
|C100|1|0|98765432000188|55|00|000000185|000|24022024|25022024|4407.09|2600.82|312.09|0.00|0.00|0.00|0.00|0.00|0.00|0.00|0|33366699000100|
|C170|1|PROD002|COMPONENTE ELETRICO B|12.29|UN|701.77|5101|00|645.61|12.00|77.47|0.00|0.00|0.00|0.00|0.00|0.00|
|C170|2|PROD002|COMPONENTE ELETRICO B|38.92|UN|1627.80|5101|40|0.00|12.00|0.00|0.00|0.00|0.00|0.00|0.00|0.00|
|C170|3|PROD001|PECA MECANICA TIPO A|32.95|UN|1710.97|5101|00|1592.52|12.00|191.10|0.00|0.00|0.00|0.00|0.00|0.00|
|C170|4|PROD002|COMPONENTE ELETRICO B|7.72|UN|253.18|5101|00|252.61|12.00|30.31|0.00|0.00|0.00|0.00|0.00|0.00|
|C170|5|PROD006|EMBALAGEM PADRAO F|19.18|UN|113.37|5101|20|110.08|12.00|13.21|0.00|0.00|0.00|0.00|0.00|0.00|
|C100|1|0|98765432000188|55|00|000000186|000|06022024|08022024|10519.26|3351.37|402.16|0.00|0.00|0.00|0.00|0.00|0.00|0.00|0|22244466000133|
|C170|1|PROD002|COMPONENTE ELETRICO B|24.43|UN|931.07|5403|51|920.03|12.00|110.40|0.00|0.00|0.00|0.00|0.00|0.00|
|C170|2|PROD004|PRODUTO ACABADO D|3.97|UN|2794.13|5403|10|2431.34|12.00|291.76|0.00|0.00|0.00|0.00|0.00|0.00|
|C170|3|PROD003|MATERIAL BRUTO C|33.37|UN|6794.06|5403|40|0.00|12.00|0.00|0.00|0.00|0.00|0.00|0.00|0.00|
|C100|1|0|98765432000188|55|00|000000187|000|13022024|16022024|3446.91|0.00|0.00|0.00|0.00|0.00|0.00|0.00|0.00|0.00|0|77788899000177|
|C170|1|PROD002|COMPONENTE ELETRICO B|40.91|UN|3446.91|6101|60|0.00|12.00|0.00|0.00|0.00|0.00|0.00|0.00|0.00|
|C100|1|0|98765432000188|55|00|000000188|000|20022024|22022024|47539.91|37711.13|4525.33|0.00|0.00|0.00|0.00|0.00|0.00|0.00|0|55512312300010|
|C170|1|PROD007|PARTE SOBRESSALENTE G|35.38|UN|2862.21|5403|90|2475.26|12.00|297.03|0.00|0.00|0.00|0.00|0.00|0.00|
|C170|2|PROD008|CONJUNTO MONTADO H|30.62|UN|38628.97|5403|90|35235.87|12.00|4228.30|0.00|0.00|0.00|0.00|0.00|0.00|
|C170|3|PROD001|PECA MECANICA TIPO A|43.12|UN|4986.54|5403|40|0.00|12.00|0.00|0.00|0.00|0.00|0.00|0.00|0.00|
|C170|4|PROD002|COMPONENTE ELETRICO B|14.61|UN|787.99|5403|70|0.00|12.00|0.00|0.00|0.00|0.00|0.00|0.00|0.00|
|C170|5|PROD006|EMBALAGEM PADRAO F|22.89|UN|274.20|5403|40|0.00|12.00|0.00|0.00|0.00|0.00|0.00|0.00|0.00|
|C100|1|0|98765432000188|55|00|000000189|000|25022024|25022024|53848.17|2315.23|277.83|0.00|0.00|0.00|0.00|0.00|0.00|0.00|0|99900011000155|
|C170|1|PROD003|MATERIAL BRUTO C|3.72|UN|1278.76|6102|10|1103.24|12.00|132.39|0.00|0.00|0.00|0.00|0.00|0.00|
|C170|2|PROD008|CONJUNTO MONTADO H|44.78|UN|42944.72|6102|40|0.00|12.00|0.00|0.00|0.00|0.00|0.00|0.00|0.00|
|C170|3|PROD001|PECA MECANICA TIPO A|16.97|UN|1423.45|6102|90|1211.99|12.00|145.44|0.00|0.00|0.00|0.00|0.00|0.00|
|C170|4|PROD003|MATERIAL BRUTO C|39.57|UN|8201.24|6102|40|0.00|12.00|0.00|0.00|0.00|0.00|0.00|0.00|0.00|
|C100|1|0|98765432000188|55|00|000000190|000|26022024|28022024|7921.17|2458.34|295.00|0.00|0.00|0.00|0.00|0.00|0.00|0.00|0|22244466000133|
|C170|1|PROD006|EMBALAGEM PADRAO F|43.34|UN|240.54|6101|51|217.06|12.00|26.05|0.00|0.00|0.00|0.00|0.00|0.00|
|C170|2|PROD001|PECA MECANICA TIPO A|31.83|UN|1707.57|6101|40|0.00|12.00|0.00|0.00|0.00|0.00|0.00|0.00|0.00|
|C170|3|PROD008|CONJUNTO MONTADO H|1.94|UN|1452.99|6101|00|1406.17|12.00|168.74|0.00|0.00|0.00|0.00|0.00|0.00|
|C170|4|PROD001|PECA MECANICA TIPO A|47.72|UN|3586.01|6101|30|0.00|12.00|0.00|0.00|0.00|0.00|0.00|0.00|0.00|
|C170|5|PROD008|CONJUNTO MONTADO H|1.27|UN|934.06|6101|00|835.11|12.00|100.21|0.00|0.00|0.00|0.00|0.00|0.00|
|C100|1|0|98765432000188|55|00|000000191|000|10022024|13022024|18035.84|12958.47|1555.02|0.00|0.00|0.00|0.00|0.00|0.00|0.00|0|55512312300010|
|C170|1|PROD003|MATERIAL BRUTO C|11.34|UN|3513.41|5401|30|0.00|12.00|0.00|0.00|0.00|0.00|0.00|0.00|0.00|
|C170|2|PROD004|PRODUTO ACABADO D|22.59|UN|13145.55|5401|20|11729.88|12.00|1407.59|0.00|0.00|0.00|0.00|0.00|0.00|
|C170|3|PROD005|INSUMO INDUSTRIAL E|44.86|UN|1376.88|5401|00|1228.59|12.00|147.43|0.00|0.00|0.00|0.00|0.00|0.00|
|C100|1|0|98765432000188|55|00|000000192|000|05022024|07022024|15934.48|2908.47|349.01|0.00|0.00|0.00|0.00|0.00|0.00|0.00|0|22244466000133|
|C170|1|PROD001|PECA MECANICA TIPO A|30.52|UN|3103.48|5403|00|2874.04|12.00|344.88|0.00|0.00|0.00|0.00|0.00|0.00|
|C170|2|PROD008|CONJUNTO MONTADO H|9.36|UN|12400.70|5403|41|0.00|12.00|0.00|0.00|0.00|0.00|0.00|0.00|0.00|
|C170|3|PROD005|INSUMO INDUSTRIAL E|19.82|UN|392.02|5403|40|0.00|12.00|0.00|0.00|0.00|0.00|0.00|0.00|0.00|
|C170|4|PROD006|EMBALAGEM PADRAO F|3.93|UN|38.28|5403|10|34.43|12.00|4.13|0.00|0.00|0.00|0.00|0.00|0.00|
|C100|1|0|98765432000188|55|00|000000193|000|10022024|11022024|85032.29|50109.66|6013.16|0.00|0.00|0.00|0.00|0.00|0.00|0.00|0|55512312300010|
|C170|1|PROD008|CONJUNTO MONTADO H|42.66|UN|53037.71|5101|00|50109.66|12.00|6013.16|0.00|0.00|0.00|0.00|0.00|0.00|
|C170|2|PROD004|PRODUTO ACABADO D|34.50|UN|25218.63|5101|50|0.00|12.00|0.00|0.00|0.00|0.00|0.00|0.00|0.00|
|C170|3|PROD007|PARTE SOBRESSALENTE G|42.98|UN|6775.95|5101|40|0.00|12.00|0.00|0.00|0.00|0.00|0.00|0.00|0.00|
|C100|1|0|98765432000188|55|00|000000194|000|27022024|27022024|467.12|414.39|49.73|0.00|0.00|0.00|0.00|0.00|0.00|0.00|0|77788899000177|
|C170|1|PROD006|EMBALAGEM PADRAO F|44.74|UN|467.12|6102|00|414.39|12.00|49.73|0.00|0.00|0.00|0.00|0.00|0.00|
|C100|1|0|98765432000188|55|00|000000195|000|15022024|18022024|813.61|722.56|86.71|0.00|0.00|0.00|0.00|0.00|0.00|0.00|0|99900011000155|
|C170|1|PROD002|COMPONENTE ELETRICO B|16.06|UN|813.61|5403|20|722.56|12.00|86.71|0.00|0.00|0.00|0.00|0.00|0.00|
|C100|1|0|98765432000188|55|00|000000196|000|09022024|12022024|12064.30|9343.23|1121.18|0.00|0.00|0.00|0.00|0.00|0.00|0.00|0|33366699000100|
|C170|1|PROD003|MATERIAL BRUTO C|38.20|UN|9078.81|6101|10|8999.11|12.00|1079.89|0.00|0.00|0.00|0.00|0.00|0.00|
|C170|2|PROD007|PARTE SOBRESSALENTE G|27.57|UN|2614.19|6101|60|0.00|12.00|0.00|0.00|0.00|0.00|0.00|0.00|0.00|
|C170|3|PROD006|EMBALAGEM PADRAO F|4.30|UN|24.15|6101|41|0.00|12.00|0.00|0.00|0.00|0.00|0.00|0.00|0.00|
|C170|4|PROD005|INSUMO INDUSTRIAL E|12.86|UN|347.15|6101|00|344.12|12.00|41.29|0.00|0.00|0.00|0.00|0.00|0.00|
|C100|1|0|98765432000188|55|00|000000197|000|25022024|28022024|17897.66|13125.65|1575.07|0.00|0.00|0.00|0.00|0.00|0.00|0.00|0|33366699000100|
|C170|1|PROD007|PARTE SOBRESSALENTE G|29.16|UN|4006.88|6102|00|3907.36|12.00|468.88|0.00|0.00|0.00|0.00|0.00|0.00|
|C170|2|PROD002|COMPONENTE ELETRICO B|48.60|UN|3888.89|6102|40|0.00|12.00|0.00|0.00|0.00|0.00|0.00|0.00|0.00|
|C170|3|PROD005|INSUMO INDUSTRIAL E|15.98|UN|623.30|6102|40|0.00|12.00|0.00|0.00|0.00|0.00|0.00|0.00|0.00|
|C170|4|PROD006|EMBALAGEM PADRAO F|16.17|UN|119.31|6102|41|0.00|12.00|0.00|0.00|0.00|0.00|0.00|0.00|0.00|
|C170|5|PROD003|MATERIAL BRUTO C|27.68|UN|9259.28|6102|00|9218.29|12.00|1106.19|0.00|0.00|0.00|0.00|0.00|0.00|
|C100|1|0|98765432000188|55|00|000000198|000|05022024|07022024|66469.32|62746.57|7529.60|0.00|0.00|0.00|0.00|0.00|0.00|0.00|0|99900011000155|
|C170|1|PROD004|PRODUTO ACABADO D|33.64|UN|27694.84|6101|20|26875.65|12.00|3225.08|0.00|0.00|0.00|0.00|0.00|0.00|
|C170|2|PROD001|PECA MECANICA TIPO A|42.83|UN|3550.69|6101|00|3300.97|12.00|396.12|0.00|0.00|0.00|0.00|0.00|0.00|
|C170|3|PROD008|CONJUNTO MONTADO H|16.76|UN|14948.75|6101|00|12956.49|12.00|1554.78|0.00|0.00|0.00|0.00|0.00|0.00|
|C170|4|PROD007|PARTE SOBRESSALENTE G|5.88|UN|723.60|6101|00|628.82|12.00|75.46|0.00|0.00|0.00|0.00|0.00|0.00|
|C170|5|PROD004|PRODUTO ACABADO D|27.37|UN|19551.44|6101|20|18984.64|12.00|2278.16|0.00|0.00|0.00|0.00|0.00|0.00|
|C100|1|0|98765432000188|55|00|000000199|000|14022024|17022024|13339.66|7067.63|848.11|0.00|0.00|0.00|0.00|0.00|0.00|0.00|0|22244466000133|
|C170|1|PROD001|PECA MECANICA TIPO A|13.40|UN|991.55|5101|40|0.00|12.00|0.00|0.00|0.00|0.00|0.00|0.00|0.00|
|C170|2|PROD001|PECA MECANICA TIPO A|30.95|UN|1792.88|5101|20|1679.76|12.00|201.57|0.00|0.00|0.00|0.00|0.00|0.00|
|C170|3|PROD002|COMPONENTE ELETRICO B|42.43|UN|3249.14|5101|30|0.00|12.00|0.00|0.00|0.00|0.00|0.00|0.00|0.00|
|C170|4|PROD003|MATERIAL BRUTO C|18.40|UN|5754.58|5101|20|5387.87|12.00|646.54|0.00|0.00|0.00|0.00|0.00|0.00|
|C170|5|PROD004|PRODUTO ACABADO D|2.28|UN|1551.51|5101|40|0.00|12.00|0.00|0.00|0.00|0.00|0.00|0.00|0.00|
|C100|1|0|98765432000188|55|00|000000200|000|26022024|29022024|450.76|415.69|49.88|0.00|0.00|0.00|0.00|0.00|0.00|0.00|0|77788899000177|
|C170|1|PROD006|EMBALAGEM PADRAO F|42.93|UN|450.76|5403|20|415.69|12.00|49.88|0.00|0.00|0.00|0.00|0.00|0.00|
|C100|1|0|98765432000188|55|00|000000201|000|09022024|09022024|20466.51|4233.65|508.03|0.00|0.00|0.00|0.00|0.00|0.00|0.00|0|55512312300010|
|C170|1|PROD007|PARTE SOBRESSALENTE G|18.89|UN|2949.92|5401|00|2545.29|12.00|305.43|0.00|0.00|0.00|0.00|0.00|0.00|
|C170|2|PROD004|PRODUTO ACABADO D|19.06|UN|12109.64|5401|40|0.00|12.00|0.00|0.00|0.00|0.00|0.00|0.00|0.00|
|C170|3|PROD008|CONJUNTO MONTADO H|2.75|UN|3528.00|5401|40|0.00|12.00|0.00|0.00|0.00|0.00|0.00|0.00|0.00|
|C170|4|PROD002|COMPONENTE ELETRICO B|31.53|UN|1878.95|5401|20|1688.36|12.00|202.60|0.00|0.00|0.00|0.00|0.00|0.00|
|C100|1|0|98765432000188|55|00|000000202|000|13022024|14022024|21751.07|12613.30|1513.60|0.00|0.00|0.00|0.00|0.00|0.00|0.00|0|33366699000100|
|C170|1|PROD008|CONJUNTO MONTADO H|14.19|UN|13272.05|5403|10|12613.30|12.00|1513.60|0.00|0.00|0.00|0.00|0.00|0.00|
|C170|2|PROD003|MATERIAL BRUTO C|24.20|UN|8259.16|5403|70|0.00|12.00|0.00|0.00|0.00|0.00|0.00|0.00|0.00|
|C170|3|PROD006|EMBALAGEM PADRAO F|33.98|UN|219.86|5403|50|0.00|12.00|0.00|0.00|0.00|0.00|0.00|0.00|0.00|
|C100|1|0|98765432000188|55|00|000000203|000|06022024|06022024|9039.82|7524.24|902.91|0.00|0.00|0.00|0.00|0.00|0.00|0.00|0|33366699000100|
|C170|1|PROD001|PECA MECANICA TIPO A|11.57|UN|586.74|6102|20|540.13|12.00|64.82|0.00|0.00|0.00|0.00|0.00|0.00|
|C170|2|PROD005|INSUMO INDUSTRIAL E|36.95|UN|684.74|6102|40|0.00|12.00|0.00|0.00|0.00|0.00|0.00|0.00|0.00|
|C170|3|PROD003|MATERIAL BRUTO C|35.08|UN|7768.34|6102|10|6984.11|12.00|838.09|0.00|0.00|0.00|0.00|0.00|0.00|
|C100|1|0|98765432000188|55|00|000000204|000|29022024|03032024|105786.83|94664.77|11359.77|0.00|0.00|0.00|0.00|0.00|0.00|0.00|0|99900011000155|
|C170|1|PROD005|INSUMO INDUSTRIAL E|49.14|UN|1821.24|5101|00|1659.99|12.00|199.20|0.00|0.00|0.00|0.00|0.00|0.00|
|C170|2|PROD003|MATERIAL BRUTO C|21.76|UN|6343.48|5101|00|5997.34|12.00|719.68|0.00|0.00|0.00|0.00|0.00|0.00|
|C170|3|PROD008|CONJUNTO MONTADO H|39.12|UN|39297.11|5101|51|34959.90|12.00|4195.19|0.00|0.00|0.00|0.00|0.00|0.00|
|C170|4|PROD002|COMPONENTE ELETRICO B|9.45|UN|753.72|5101|40|0.00|12.00|0.00|0.00|0.00|0.00|0.00|0.00|0.00|
|C170|5|PROD008|CONJUNTO MONTADO H|41.37|UN|57571.28|5101|00|52047.54|12.00|6245.70|0.00|0.00|0.00|0.00|0.00|0.00|
|C100|1|0|98765432000188|55|00|000000205|000|16022024|19022024|59370.44|8209.17|985.10|0.00|0.00|0.00|0.00|0.00|0.00|0.00|0|55512312300010|
|C170|1|PROD003|MATERIAL BRUTO C|26.75|UN|5909.88|5101|20|5395.79|12.00|647.49|0.00|0.00|0.00|0.00|0.00|0.00|
|C170|2|PROD004|PRODUTO ACABADO D|15.11|UN|14769.43|5101|40|0.00|12.00|0.00|0.00|0.00|0.00|0.00|0.00|0.00|
|C170|3|PROD007|PARTE SOBRESSALENTE G|20.09|UN|3125.80|5101|20|2813.38|12.00|337.61|0.00|0.00|0.00|0.00|0.00|0.00|
|C170|4|PROD004|PRODUTO ACABADO D|42.87|UN|35565.33|5101|50|0.00|12.00|0.00|0.00|0.00|0.00|0.00|0.00|0.00|
|C100|1|0|98765432000188|55|00|000000206|000|20022024|21022024|2285.50|0.00|0.00|0.00|0.00|0.00|0.00|0.00|0.00|0.00|0|33366699000100|
|C170|1|PROD001|PECA MECANICA TIPO A|30.71|UN|2285.50|5401|40|0.00|12.00|0.00|0.00|0.00|0.00|0.00|0.00|0.00|
|C100|1|0|98765432000188|55|00|000000207|000|02022024|05022024|6408.01|5742.85|689.13|0.00|0.00|0.00|0.00|0.00|0.00|0.00|0|99900011000155|
|C170|1|PROD002|COMPONENTE ELETRICO B|11.57|UN|888.15|6101|10|853.11|12.00|102.37|0.00|0.00|0.00|0.00|0.00|0.00|
|C170|2|PROD001|PECA MECANICA TIPO A|1.90|UN|122.80|6101|41|0.00|12.00|0.00|0.00|0.00|0.00|0.00|0.00|0.00|
|C170|3|PROD006|EMBALAGEM PADRAO F|15.68|UN|97.86|6101|90|91.61|12.00|10.99|0.00|0.00|0.00|0.00|0.00|0.00|
|C170|4|PROD001|PECA MECANICA TIPO A|36.09|UN|3718.97|6101|00|3318.11|12.00|398.17|0.00|0.00|0.00|0.00|0.00|0.00|
|C170|5|PROD001|PECA MECANICA TIPO A|28.06|UN|1580.23|6101|10|1480.02|12.00|177.60|0.00|0.00|0.00|0.00|0.00|0.00|
|C100|1|0|98765432000188|55|00|000000208|000|20022024|20022024|3049.13|628.03|75.36|0.00|0.00|0.00|0.00|0.00|0.00|0.00|0|33366699000100|
|C170|1|PROD005|INSUMO INDUSTRIAL E|45.15|UN|725.17|5101|00|628.03|12.00|75.36|0.00|0.00|0.00|0.00|0.00|0.00|
|C170|2|PROD003|MATERIAL BRUTO C|8.63|UN|2323.96|5101|40|0.00|12.00|0.00|0.00|0.00|0.00|0.00|0.00|0.00|
|C100|1|0|98765432000188|55|00|000000209|000|09022024|12022024|9680.10|0.00|0.00|0.00|0.00|0.00|0.00|0.00|0.00|0.00|0|55512312300010|
|C170|1|PROD003|MATERIAL BRUTO C|12.29|UN|3959.16|5401|40|0.00|12.00|0.00|0.00|0.00|0.00|0.00|0.00|0.00|
|C170|2|PROD008|CONJUNTO MONTADO H|3.92|UN|3750.35|5401|70|0.00|12.00|0.00|0.00|0.00|0.00|0.00|0.00|0.00|
|C170|3|PROD006|EMBALAGEM PADRAO F|49.21|UN|480.28|5401|40|0.00|12.00|0.00|0.00|0.00|0.00|0.00|0.00|0.00|
|C170|4|PROD001|PECA MECANICA TIPO A|13.44|UN|875.82|5401|70|0.00|12.00|0.00|0.00|0.00|0.00|0.00|0.00|0.00|
|C170|5|PROD002|COMPONENTE ELETRICO B|15.21|UN|614.49|5401|40|0.00|12.00|0.00|0.00|0.00|0.00|0.00|0.00|0.00|
|C100|1|0|98765432000188|55|00|000000210|000|12022024|14022024|74924.68|71187.46|8542.49|0.00|0.00|0.00|0.00|0.00|0.00|0.00|0|22244466000133|
|C170|1|PROD005|INSUMO INDUSTRIAL E|27.95|UN|1006.30|5102|00|892.13|12.00|107.06|0.00|0.00|0.00|0.00|0.00|0.00|
|C170|2|PROD004|PRODUTO ACABADO D|41.00|UN|34884.79|5102|51|32137.08|12.00|3856.45|0.00|0.00|0.00|0.00|0.00|0.00|
|C170|3|PROD004|PRODUTO ACABADO D|7.70|UN|6776.14|5102|90|6344.62|12.00|761.35|0.00|0.00|0.00|0.00|0.00|0.00|
|C170|4|PROD004|PRODUTO ACABADO D|40.89|UN|28313.84|5102|10|28096.35|12.00|3371.56|0.00|0.00|0.00|0.00|0.00|0.00|
|C170|5|PROD003|MATERIAL BRUTO C|17.17|UN|3943.61|5102|20|3717.28|12.00|446.07|0.00|0.00|0.00|0.00|0.00|0.00|
|C100|1|0|98765432000188|55|00|000000211|000|09022024|11022024|90482.83|83544.23|10025.31|0.00|0.00|0.00|0.00|0.00|0.00|0.00|0|77788899000177|
|C170|1|PROD002|COMPONENTE ELETRICO B|35.66|UN|2225.73|6102|00|2062.21|12.00|247.47|0.00|0.00|0.00|0.00|0.00|0.00|
|C170|2|PROD004|PRODUTO ACABADO D|33.63|UN|26009.51|6102|00|24427.53|12.00|2931.30|0.00|0.00|0.00|0.00|0.00|0.00|
|C170|3|PROD004|PRODUTO ACABADO D|40.27|UN|36657.66|6102|90|33591.85|12.00|4031.02|0.00|0.00|0.00|0.00|0.00|0.00|
|C170|4|PROD005|INSUMO INDUSTRIAL E|25.82|UN|721.79|6102|20|671.81|12.00|80.62|0.00|0.00|0.00|0.00|0.00|0.00|
|C170|5|PROD004|PRODUTO ACABADO D|46.05|UN|24868.14|6102|00|22790.83|12.00|2734.90|0.00|0.00|0.00|0.00|0.00|0.00|
|C100|1|0|98765432000188|55|00|000000212|000|20022024|23022024|6577.65|852.80|102.34|0.00|0.00|0.00|0.00|0.00|0.00|0.00|0|77788899000177|
|C170|1|PROD003|MATERIAL BRUTO C|24.82|UN|5240.32|6101|30|0.00|12.00|0.00|0.00|0.00|0.00|0.00|0.00|0.00|
|C170|2|PROD007|PARTE SOBRESSALENTE G|7.90|UN|812.10|6101|00|776.09|12.00|93.13|0.00|0.00|0.00|0.00|0.00|0.00|
|C170|3|PROD003|MATERIAL BRUTO C|1.39|UN|445.98|6101|40|0.00|12.00|0.00|0.00|0.00|0.00|0.00|0.00|0.00|
|C170|4|PROD006|EMBALAGEM PADRAO F|7.60|UN|79.25|6101|00|76.71|12.00|9.21|0.00|0.00|0.00|0.00|0.00|0.00|
|C100|1|0|98765432000188|55|00|000000213|000|15022024|15022024|4680.44|2953.35|354.40|0.00|0.00|0.00|0.00|0.00|0.00|0.00|0|77788899000177|
|C170|1|PROD003|MATERIAL BRUTO C|11.88|UN|3012.99|5102|00|2824.27|12.00|338.91|0.00|0.00|0.00|0.00|0.00|0.00|
|C170|2|PROD005|INSUMO INDUSTRIAL E|19.13|UN|753.23|5102|40|0.00|12.00|0.00|0.00|0.00|0.00|0.00|0.00|0.00|
|C170|3|PROD001|PECA MECANICA TIPO A|2.49|UN|144.17|5102|10|129.08|12.00|15.49|0.00|0.00|0.00|0.00|0.00|0.00|
|C170|4|PROD005|INSUMO INDUSTRIAL E|20.39|UN|770.05|5102|70|0.00|12.00|0.00|0.00|0.00|0.00|0.00|0.00|0.00|
|C100|1|0|98765432000188|55|00|000000214|000|27022024|28022024|365.07|348.26|41.79|0.00|0.00|0.00|0.00|0.00|0.00|0.00|0|55512312300010|
|C170|1|PROD006|EMBALAGEM PADRAO F|36.47|UN|365.07|5403|90|348.26|12.00|41.79|0.00|0.00|0.00|0.00|0.00|0.00|
|C100|1|0|98765432000188|55|00|000000215|000|19022024|20022024|55597.14|48668.09|5840.17|0.00|0.00|0.00|0.00|0.00|0.00|0.00|0|33366699000100|
|C170|1|PROD003|MATERIAL BRUTO C|1.33|UN|455.64|5101|40|0.00|12.00|0.00|0.00|0.00|0.00|0.00|0.00|0.00|
|C170|2|PROD008|CONJUNTO MONTADO H|35.31|UN|49376.80|5101|90|43548.68|12.00|5225.84|0.00|0.00|0.00|0.00|0.00|0.00|
|C170|3|PROD007|PARTE SOBRESSALENTE G|11.44|UN|1678.51|5101|20|1586.26|12.00|190.35|0.00|0.00|0.00|0.00|0.00|0.00|
|C170|4|PROD008|CONJUNTO MONTADO H|3.17|UN|4086.19|5101|51|3533.15|12.00|423.98|0.00|0.00|0.00|0.00|0.00|0.00|
|C100|1|0|98765432000188|55|00|000000216|000|19022024|20022024|4290.57|0.00|0.00|0.00|0.00|0.00|0.00|0.00|0.00|0.00|0|33366699000100|
|C170|1|PROD001|PECA MECANICA TIPO A|28.03|UN|3074.78|5403|60|0.00|12.00|0.00|0.00|0.00|0.00|0.00|0.00|0.00|
|C170|2|PROD007|PARTE SOBRESSALENTE G|8.80|UN|1215.79|5403|60|0.00|12.00|0.00|0.00|0.00|0.00|0.00|0.00|0.00|
|C100|1|0|98765432000188|55|00|000000217|000|01022024|04022024|2531.44|1046.85|125.62|0.00|0.00|0.00|0.00|0.00|0.00|0.00|0|55512312300010|
|C170|1|PROD005|INSUMO INDUSTRIAL E|42.48|UN|1318.06|5101|60|0.00|12.00|0.00|0.00|0.00|0.00|0.00|0.00|0.00|
|C170|2|PROD003|MATERIAL BRUTO C|3.60|UN|1213.38|5101|10|1046.85|12.00|125.62|0.00|0.00|0.00|0.00|0.00|0.00|
|C100|1|0|98765432000188|55|00|000000218|000|08022024|10022024|3606.32|0.00|0.00|0.00|0.00|0.00|0.00|0.00|0.00|0.00|0|33366699000100|
|C170|1|PROD007|PARTE SOBRESSALENTE G|41.60|UN|3606.32|6101|50|0.00|12.00|0.00|0.00|0.00|0.00|0.00|0.00|0.00|
|C100|1|0|98765432000188|55|00|000000219|000|26022024|26022024|28538.25|430.82|51.70|0.00|0.00|0.00|0.00|0.00|0.00|0.00|0|55512312300010|
|C170|1|PROD001|PECA MECANICA TIPO A|46.21|UN|4600.04|5401|40|0.00|12.00|0.00|0.00|0.00|0.00|0.00|0.00|0.00|
|C170|2|PROD008|CONJUNTO MONTADO H|17.07|UN|23505.06|5401|60|0.00|12.00|0.00|0.00|0.00|0.00|0.00|0.00|0.00|
|C170|3|PROD006|EMBALAGEM PADRAO F|46.13|UN|433.15|5401|00|430.82|12.00|51.70|0.00|0.00|0.00|0.00|0.00|0.00|
|C100|1|0|98765432000188|55|00|000000220|000|13022024|14022024|73990.89|64683.57|7762.03|0.00|0.00|0.00|0.00|0.00|0.00|0.00|0|22244466000133|
|C170|1|PROD007|PARTE SOBRESSALENTE G|24.75|UN|2845.49|6102|00|2558.38|12.00|307.01|0.00|0.00|0.00|0.00|0.00|0.00|
|C170|2|PROD008|CONJUNTO MONTADO H|45.73|UN|58981.05|6102|10|51458.04|12.00|6174.96|0.00|0.00|0.00|0.00|0.00|0.00|
|C170|3|PROD004|PRODUTO ACABADO D|24.14|UN|12164.35|6102|00|10667.15|12.00|1280.06|0.00|0.00|0.00|0.00|0.00|0.00|
|C100|1|0|98765432000188|55|00|000000221|000|28022024|01032024|6247.95|3883.46|466.02|0.00|0.00|0.00|0.00|0.00|0.00|0.00|0|22244466000133|
|C170|1|PROD005|INSUMO INDUSTRIAL E|38.09|UN|1373.80|5101|41|0.00|12.00|0.00|0.00|0.00|0.00|0.00|0.00|0.00|
|C170|2|PROD003|MATERIAL BRUTO C|17.54|UN|4185.97|5101|00|3883.46|12.00|466.02|0.00|0.00|0.00|0.00|0.00|0.00|
|C170|3|PROD006|EMBALAGEM PADRAO F|25.43|UN|215.93|5101|41|0.00|12.00|0.00|0.00|0.00|0.00|0.00|0.00|0.00|
|C170|4|PROD005|INSUMO INDUSTRIAL E|15.71|UN|472.25|5101|41|0.00|12.00|0.00|0.00|0.00|0.00|0.00|0.00|0.00|
|C100|1|0|98765432000188|55|00|000000222|000|02022024|04022024|33701.34|30436.29|3652.35|0.00|0.00|0.00|0.00|0.00|0.00|0.00|0|22244466000133|
|C170|1|PROD008|CONJUNTO MONTADO H|28.81|UN|33701.34|6101|51|30436.29|12.00|3652.35|0.00|0.00|0.00|0.00|0.00|0.00|
|C100|1|0|98765432000188|55|00|000000223|000|02022024|03022024|128316.13|125.85|15.10|0.00|0.00|0.00|0.00|0.00|0.00|0.00|0|22244466000133|
|C170|1|PROD006|EMBALAGEM PADRAO F|13.87|UN|140.64|5403|00|125.85|12.00|15.10|0.00|0.00|0.00|0.00|0.00|0.00|
|C170|2|PROD004|PRODUTO ACABADO D|49.19|UN|42226.65|5403|40|0.00|12.00|0.00|0.00|0.00|0.00|0.00|0.00|0.00|
|C170|3|PROD008|CONJUNTO MONTADO H|46.29|UN|57220.77|5403|40|0.00|12.00|0.00|0.00|0.00|0.00|0.00|0.00|0.00|
|C170|4|PROD008|CONJUNTO MONTADO H|25.19|UN|28728.07|5403|30|0.00|12.00|0.00|0.00|0.00|0.00|0.00|0.00|0.00|
|C100|1|0|98765432000188|55|00|000000224|000|23022024|25022024|1878.52|0.00|0.00|0.00|0.00|0.00|0.00|0.00|0.00|0.00|0|55512312300010|
|C170|1|PROD003|MATERIAL BRUTO C|7.07|UN|1878.52|5101|30|0.00|12.00|0.00|0.00|0.00|0.00|0.00|0.00|0.00|
|C100|1|0|98765432000188|55|00|000000225|000|25022024|26022024|5513.80|2183.66|262.04|0.00|0.00|0.00|0.00|0.00|0.00|0.00|0|22244466000133|
|C170|1|PROD003|MATERIAL BRUTO C|4.08|UN|1258.83|5403|40|0.00|12.00|0.00|0.00|0.00|0.00|0.00|0.00|0.00|
|C170|2|PROD005|INSUMO INDUSTRIAL E|6.70|UN|127.69|5403|60|0.00|12.00|0.00|0.00|0.00|0.00|0.00|0.00|0.00|
|C170|3|PROD008|CONJUNTO MONTADO H|1.27|UN|1760.69|5403|40|0.00|12.00|0.00|0.00|0.00|0.00|0.00|0.00|0.00|
|C170|4|PROD001|PECA MECANICA TIPO A|4.85|UN|464.43|5403|00|432.03|12.00|51.84|0.00|0.00|0.00|0.00|0.00|0.00|
|C170|5|PROD002|COMPONENTE ELETRICO B|45.18|UN|1902.16|5403|10|1751.63|12.00|210.20|0.00|0.00|0.00|0.00|0.00|0.00|
|C100|1|0|98765432000188|55|00|000000226|000|20022024|23022024|9818.82|9232.29|1107.87|0.00|0.00|0.00|0.00|0.00|0.00|0.00|0|77788899000177|
|C170|1|PROD006|EMBALAGEM PADRAO F|23.49|UN|131.08|5403|00|127.08|12.00|15.25|0.00|0.00|0.00|0.00|0.00|0.00|
|C170|2|PROD006|EMBALAGEM PADRAO F|22.19|UN|123.37|5403|50|0.00|12.00|0.00|0.00|0.00|0.00|0.00|0.00|0.00|
|C170|3|PROD003|MATERIAL BRUTO C|23.40|UN|7340.19|5403|00|7056.77|12.00|846.81|0.00|0.00|0.00|0.00|0.00|0.00|
|C170|4|PROD001|PECA MECANICA TIPO A|44.15|UN|2224.18|5403|20|2048.44|12.00|245.81|0.00|0.00|0.00|0.00|0.00|0.00|
|C100|1|0|98765432000188|55|00|000000227|000|06022024|08022024|34410.65|30845.17|3701.42|0.00|0.00|0.00|0.00|0.00|0.00|0.00|0|33366699000100|
|C170|1|PROD004|PRODUTO ACABADO D|46.13|UN|33740.79|5401|00|30845.17|12.00|3701.42|0.00|0.00|0.00|0.00|0.00|0.00|
|C170|2|PROD001|PECA MECANICA TIPO A|7.43|UN|419.50|5401|40|0.00|12.00|0.00|0.00|0.00|0.00|0.00|0.00|0.00|
|C170|3|PROD006|EMBALAGEM PADRAO F|40.12|UN|250.36|5401|41|0.00|12.00|0.00|0.00|0.00|0.00|0.00|0.00|0.00|
|C100|1|0|98765432000188|55|00|000000228|000|19022024|19022024|2660.16|2292.35|275.08|0.00|0.00|0.00|0.00|0.00|0.00|0.00|0|33366699000100|
|C170|1|PROD001|PECA MECANICA TIPO A|39.98|UN|2308.96|5401|00|2292.35|12.00|275.08|0.00|0.00|0.00|0.00|0.00|0.00|
|C170|2|PROD006|EMBALAGEM PADRAO F|37.52|UN|351.20|5401|30|0.00|12.00|0.00|0.00|0.00|0.00|0.00|0.00|0.00|
|C100|1|0|98765432000188|55|00|000000229|000|14022024|17022024|26400.38|0.00|0.00|0.00|0.00|0.00|0.00|0.00|0.00|0.00|0|77788899000177|
|C170|1|PROD008|CONJUNTO MONTADO H|34.22|UN|26400.38|5401|40|0.00|12.00|0.00|0.00|0.00|0.00|0.00|0.00|0.00|
|C100|1|0|98765432000188|55|00|000000230|000|12022024|14022024|4153.71|2780.74|333.69|0.00|0.00|0.00|0.00|0.00|0.00|0.00|0|55512312300010|
|C170|1|PROD006|EMBALAGEM PADRAO F|49.46|UN|434.25|5401|00|412.83|12.00|49.54|0.00|0.00|0.00|0.00|0.00|0.00|
|C170|2|PROD007|PARTE SOBRESSALENTE G|9.09|UN|1276.93|5401|41|0.00|12.00|0.00|0.00|0.00|0.00|0.00|0.00|0.00|
|C170|3|PROD005|INSUMO INDUSTRIAL E|3.98|UN|82.96|5401|00|70.70|12.00|8.48|0.00|0.00|0.00|0.00|0.00|0.00|
|C170|4|PROD007|PARTE SOBRESSALENTE G|28.41|UN|2359.57|5401|10|2297.21|12.00|275.67|0.00|0.00|0.00|0.00|0.00|0.00|
|C100|1|0|98765432000188|55|00|000000231|000|26022024|26022024|570.39|135.20|16.22|0.00|0.00|0.00|0.00|0.00|0.00|0.00|0|55512312300010|
|C170|1|PROD006|EMBALAGEM PADRAO F|20.51|UN|137.23|5403|00|135.20|12.00|16.22|0.00|0.00|0.00|0.00|0.00|0.00|
|C170|2|PROD006|EMBALAGEM PADRAO F|46.43|UN|433.16|5403|60|0.00|12.00|0.00|0.00|0.00|0.00|0.00|0.00|0.00|
|C100|1|0|98765432000188|55|00|000000232|000|04022024|06022024|28000.27|23214.43|2785.73|0.00|0.00|0.00|0.00|0.00|0.00|0.00|0|99900011000155|
|C170|1|PROD004|PRODUTO ACABADO D|8.43|UN|6533.28|5101|51|6502.19|12.00|780.26|0.00|0.00|0.00|0.00|0.00|0.00|
|C170|2|PROD004|PRODUTO ACABADO D|27.54|UN|19014.31|5101|51|16712.24|12.00|2005.47|0.00|0.00|0.00|0.00|0.00|0.00|
|C170|3|PROD001|PECA MECANICA TIPO A|42.94|UN|2310.06|5101|41|0.00|12.00|0.00|0.00|0.00|0.00|0.00|0.00|0.00|
|C170|4|PROD006|EMBALAGEM PADRAO F|12.93|UN|142.62|5101|30|0.00|12.00|0.00|0.00|0.00|0.00|0.00|0.00|0.00|
|C100|1|0|98765432000188|55|00|000000233|000|05022024|05022024|3409.55|1365.19|163.82|0.00|0.00|0.00|0.00|0.00|0.00|0.00|0|77788899000177|
|C170|1|PROD002|COMPONENTE ELETRICO B|18.62|UN|1383.09|6101|90|1365.19|12.00|163.82|0.00|0.00|0.00|0.00|0.00|0.00|
|C170|2|PROD007|PARTE SOBRESSALENTE G|19.97|UN|2026.46|6101|40|0.00|12.00|0.00|0.00|0.00|0.00|0.00|0.00|0.00|
|C100|1|0|98765432000188|55|00|000000234|000|26022024|29022024|58576.52|11328.28|1359.39|0.00|0.00|0.00|0.00|0.00|0.00|0.00|0|99900011000155|
|C170|1|PROD004|PRODUTO ACABADO D|15.09|UN|8393.30|5102|00|7198.38|12.00|863.81|0.00|0.00|0.00|0.00|0.00|0.00|
|C170|2|PROD001|PECA MECANICA TIPO A|1.22|UN|94.19|5102|30|0.00|12.00|0.00|0.00|0.00|0.00|0.00|0.00|0.00|
|C170|3|PROD007|PARTE SOBRESSALENTE G|26.25|UN|4183.41|5102|90|3707.03|12.00|444.84|0.00|0.00|0.00|0.00|0.00|0.00|
|C170|4|PROD008|CONJUNTO MONTADO H|35.86|UN|45413.51|5102|40|0.00|12.00|0.00|0.00|0.00|0.00|0.00|0.00|0.00|
|C170|5|PROD006|EMBALAGEM PADRAO F|47.78|UN|492.11|5102|00|422.87|12.00|50.74|0.00|0.00|0.00|0.00|0.00|0.00|
|C100|1|0|98765432000188|55|00|000000235|000|27022024|01032024|30417.11|15413.06|1849.57|0.00|0.00|0.00|0.00|0.00|0.00|0.00|0|33366699000100|
|C170|1|PROD005|INSUMO INDUSTRIAL E|28.70|UN|1088.44|5101|00|986.07|12.00|118.33|0.00|0.00|0.00|0.00|0.00|0.00|
|C170|2|PROD007|PARTE SOBRESSALENTE G|40.04|UN|4115.22|5101|20|3874.85|12.00|464.98|0.00|0.00|0.00|0.00|0.00|0.00|
|C170|3|PROD006|EMBALAGEM PADRAO F|3.50|UN|37.79|5101|10|35.26|12.00|4.23|0.00|0.00|0.00|0.00|0.00|0.00|
|C170|4|PROD008|CONJUNTO MONTADO H|12.89|UN|11390.71|5101|00|10516.88|12.00|1262.03|0.00|0.00|0.00|0.00|0.00|0.00|
|C170|5|PROD004|PRODUTO ACABADO D|26.96|UN|13784.95|5101|50|0.00|12.00|0.00|0.00|0.00|0.00|0.00|0.00|0.00|
|C100|1|0|98765432000188|55|00|000000236|000|09022024|11022024|35575.03|0.00|0.00|0.00|0.00|0.00|0.00|0.00|0.00|0.00|0|22244466000133|
|C170|1|PROD001|PECA MECANICA TIPO A|3.34|UN|382.36|5101|41|0.00|12.00|0.00|0.00|0.00|0.00|0.00|0.00|0.00|
|C170|2|PROD008|CONJUNTO MONTADO H|44.96|UN|35192.67|5101|40|0.00|12.00|0.00|0.00|0.00|0.00|0.00|0.00|0.00|
|C100|1|0|98765432000188|55|00|000000237|000|16022024|18022024|3545.77|2338.99|280.68|0.00|0.00|0.00|0.00|0.00|0.00|0.00|0|33366699000100|
|C170|1|PROD002|COMPONENTE ELETRICO B|9.82|UN|460.56|5401|10|426.74|12.00|51.21|0.00|0.00|0.00|0.00|0.00|0.00|
|C170|2|PROD005|INSUMO INDUSTRIAL E|25.57|UN|924.76|5401|20|833.83|12.00|100.06|0.00|0.00|0.00|0.00|0.00|0.00|
|C170|3|PROD007|PARTE SOBRESSALENTE G|11.96|UN|969.44|5401|40|0.00|12.00|0.00|0.00|0.00|0.00|0.00|0.00|0.00|
|C170|4|PROD005|INSUMO INDUSTRIAL E|48.14|UN|1191.01|5401|10|1078.42|12.00|129.41|0.00|0.00|0.00|0.00|0.00|0.00|
|C100|1|0|98765432000188|55|00|000000238|000|04022024|05022024|13371.94|12727.62|1527.32|0.00|0.00|0.00|0.00|0.00|0.00|0.00|0|55512312300010|
|C170|1|PROD003|MATERIAL BRUTO C|40.25|UN|11387.37|5401|20|10978.74|12.00|1317.45|0.00|0.00|0.00|0.00|0.00|0.00|
|C170|2|PROD001|PECA MECANICA TIPO A|38.96|UN|1984.57|5401|10|1748.88|12.00|209.87|0.00|0.00|0.00|0.00|0.00|0.00|
|C100|1|0|98765432000188|55|00|000000239|000|24022024|24022024|5877.29|2274.11|272.89|0.00|0.00|0.00|0.00|0.00|0.00|0.00|0|99900011000155|
|C170|1|PROD001|PECA MECANICA TIPO A|41.26|UN|2357.41|6101|00|2255.99|12.00|270.72|0.00|0.00|0.00|0.00|0.00|0.00|
|C170|2|PROD001|PECA MECANICA TIPO A|41.42|UN|3498.82|6101|40|0.00|12.00|0.00|0.00|0.00|0.00|0.00|0.00|0.00|
|C170|3|PROD006|EMBALAGEM PADRAO F|3.04|UN|21.06|6101|90|18.12|12.00|2.17|0.00|0.00|0.00|0.00|0.00|0.00|
|C100|1|0|98765432000188|55|00|000000240|000|19022024|20022024|7489.29|377.11|45.25|0.00|0.00|0.00|0.00|0.00|0.00|0.00|0|22244466000133|
|C170|1|PROD004|PRODUTO ACABADO D|8.12|UN|7082.32|5102|40|0.00|12.00|0.00|0.00|0.00|0.00|0.00|0.00|0.00|
|C170|2|PROD006|EMBALAGEM PADRAO F|44.77|UN|406.97|5102|20|377.11|12.00|45.25|0.00|0.00|0.00|0.00|0.00|0.00|
|C100|1|0|98765432000188|55|00|000000241|000|07022024|07022024|859.75|751.88|90.23|0.00|0.00|0.00|0.00|0.00|0.00|0.00|0|99900011000155|
|C170|1|PROD006|EMBALAGEM PADRAO F|10.98|UN|58.63|6101|90|53.06|12.00|6.37|0.00|0.00|0.00|0.00|0.00|0.00|
|C170|2|PROD002|COMPONENTE ELETRICO B|10.74|UN|801.12|6101|20|698.82|12.00|83.86|0.00|0.00|0.00|0.00|0.00|0.00|
|C100|1|0|98765432000188|55|00|000000242|000|07022024|10022024|56481.45|36075.01|4329.01|0.00|0.00|0.00|0.00|0.00|0.00|0.00|0|55512312300010|
|C170|1|PROD007|PARTE SOBRESSALENTE G|4.41|UN|430.69|5102|20|403.47|12.00|48.42|0.00|0.00|0.00|0.00|0.00|0.00|
|C170|2|PROD005|INSUMO INDUSTRIAL E|43.61|UN|1161.39|5102|00|1061.66|12.00|127.40|0.00|0.00|0.00|0.00|0.00|0.00|
|C170|3|PROD002|COMPONENTE ELETRICO B|34.22|UN|1393.48|5102|40|0.00|12.00|0.00|0.00|0.00|0.00|0.00|0.00|0.00|
|C170|4|PROD003|MATERIAL BRUTO C|45.16|UN|15592.47|5102|40|0.00|12.00|0.00|0.00|0.00|0.00|0.00|0.00|0.00|
|C170|5|PROD008|CONJUNTO MONTADO H|30.21|UN|37903.42|5102|10|34609.88|12.00|4153.19|0.00|0.00|0.00|0.00|0.00|0.00|
|C100|1|0|98765432000188|55|00|000000243|000|12022024|12022024|23810.09|18876.97|2265.24|0.00|0.00|0.00|0.00|0.00|0.00|0.00|0|55512312300010|
|C170|1|PROD003|MATERIAL BRUTO C|46.52|UN|10057.31|6101|20|9379.33|12.00|1125.52|0.00|0.00|0.00|0.00|0.00|0.00|
|C170|2|PROD001|PECA MECANICA TIPO A|24.47|UN|1927.02|6101|00|1920.00|12.00|230.40|0.00|0.00|0.00|0.00|0.00|0.00|
|C170|3|PROD003|MATERIAL BRUTO C|38.22|UN|8382.69|6101|00|7321.01|12.00|878.52|0.00|0.00|0.00|0.00|0.00|0.00|
|C170|4|PROD006|EMBALAGEM PADRAO F|41.41|UN|276.62|6101|00|256.63|12.00|30.80|0.00|0.00|0.00|0.00|0.00|0.00|
|C170|5|PROD007|PARTE SOBRESSALENTE G|31.94|UN|3166.45|6101|40|0.00|12.00|0.00|0.00|0.00|0.00|0.00|0.00|0.00|
|C100|1|0|98765432000188|55|00|000000244|000|01022024|02022024|688.86|586.13|70.34|0.00|0.00|0.00|0.00|0.00|0.00|0.00|0|22244466000133|
|C170|1|PROD005|INSUMO INDUSTRIAL E|35.97|UN|688.86|5401|00|586.13|12.00|70.34|0.00|0.00|0.00|0.00|0.00|0.00|
|C100|1|0|98765432000188|55|00|000000245|000|08022024|11022024|19053.78|17344.93|2081.39|0.00|0.00|0.00|0.00|0.00|0.00|0.00|0|33366699000100|
|C170|1|PROD005|INSUMO INDUSTRIAL E|20.05|UN|700.21|5403|20|645.24|12.00|77.43|0.00|0.00|0.00|0.00|0.00|0.00|
|C170|2|PROD004|PRODUTO ACABADO D|25.81|UN|18086.39|5403|20|16494.77|12.00|1979.37|0.00|0.00|0.00|0.00|0.00|0.00|
|C170|3|PROD007|PARTE SOBRESSALENTE G|2.42|UN|233.12|5403|90|204.92|12.00|24.59|0.00|0.00|0.00|0.00|0.00|0.00|
|C170|4|PROD006|EMBALAGEM PADRAO F|3.84|UN|34.06|5403|30|0.00|12.00|0.00|0.00|0.00|0.00|0.00|0.00|0.00|
|C100|1|0|98765432000188|55|00|000000246|000|07022024|08022024|16707.82|850.49|102.06|0.00|0.00|0.00|0.00|0.00|0.00|0.00|0|77788899000177|
|C170|1|PROD004|PRODUTO ACABADO D|23.74|UN|12445.61|5101|40|0.00|12.00|0.00|0.00|0.00|0.00|0.00|0.00|0.00|
|C170|2|PROD001|PECA MECANICA TIPO A|18.73|UN|1623.39|5101|60|0.00|12.00|0.00|0.00|0.00|0.00|0.00|0.00|0.00|
|C170|3|PROD007|PARTE SOBRESSALENTE G|7.79|UN|625.31|5101|30|0.00|12.00|0.00|0.00|0.00|0.00|0.00|0.00|0.00|
|C170|4|PROD005|INSUMO INDUSTRIAL E|31.64|UN|1154.58|5101|50|0.00|12.00|0.00|0.00|0.00|0.00|0.00|0.00|0.00|
|C170|5|PROD002|COMPONENTE ELETRICO B|21.29|UN|858.93|5101|20|850.49|12.00|102.06|0.00|0.00|0.00|0.00|0.00|0.00|
|C100|1|0|98765432000188|55|00|000000247|000|17022024|17022024|58267.30|12096.97|1451.64|0.00|0.00|0.00|0.00|0.00|0.00|0.00|0|77788899000177|
|C170|1|PROD008|CONJUNTO MONTADO H|42.82|UN|45089.00|5403|60|0.00|12.00|0.00|0.00|0.00|0.00|0.00|0.00|0.00|
|C170|2|PROD004|PRODUTO ACABADO D|4.10|UN|3835.67|5403|20|3287.33|12.00|394.48|0.00|0.00|0.00|0.00|0.00|0.00|
|C170|3|PROD001|PECA MECANICA TIPO A|36.62|UN|2249.87|5403|00|2139.17|12.00|256.70|0.00|0.00|0.00|0.00|0.00|0.00|
|C170|4|PROD007|PARTE SOBRESSALENTE G|19.49|UN|2344.93|5403|00|2185.22|12.00|262.23|0.00|0.00|0.00|0.00|0.00|0.00|
|C170|5|PROD008|CONJUNTO MONTADO H|4.68|UN|4747.83|5403|00|4485.25|12.00|538.23|0.00|0.00|0.00|0.00|0.00|0.00|
|C100|1|0|98765432000188|55|00|000000248|000|22022024|25022024|6930.87|2087.19|250.47|0.00|0.00|0.00|0.00|0.00|0.00|0.00|0|55512312300010|
|C170|1|PROD001|PECA MECANICA TIPO A|13.96|UN|1405.93|6101|40|0.00|12.00|0.00|0.00|0.00|0.00|0.00|0.00|0.00|
|C170|2|PROD001|PECA MECANICA TIPO A|45.79|UN|3397.77|6101|40|0.00|12.00|0.00|0.00|0.00|0.00|0.00|0.00|0.00|
|C170|3|PROD005|INSUMO INDUSTRIAL E|13.61|UN|399.27|6101|20|373.73|12.00|44.85|0.00|0.00|0.00|0.00|0.00|0.00|
|C170|4|PROD005|INSUMO INDUSTRIAL E|47.26|UN|1727.90|6101|00|1713.46|12.00|205.62|0.00|0.00|0.00|0.00|0.00|0.00|
|C100|1|0|98765432000188|55|00|000000249|000|07022024|09022024|22144.90|598.42|71.81|0.00|0.00|0.00|0.00|0.00|0.00|0.00|0|77788899000177|
|C170|1|PROD005|INSUMO INDUSTRIAL E|37.08|UN|691.82|5403|00|598.42|12.00|71.81|0.00|0.00|0.00|0.00|0.00|0.00|
|C170|2|PROD008|CONJUNTO MONTADO H|4.44|UN|6205.83|5403|40|0.00|12.00|0.00|0.00|0.00|0.00|0.00|0.00|0.00|
|C170|3|PROD004|PRODUTO ACABADO D|21.70|UN|15247.25|5403|40|0.00|12.00|0.00|0.00|0.00|0.00|0.00|0.00|0.00|
|C100|1|0|98765432000188|55|00|000000250|000|02022024|04022024|39213.77|2684.42|322.13|0.00|0.00|0.00|0.00|0.00|0.00|0.00|0|33366699000100|
|C170|1|PROD008|CONJUNTO MONTADO H|25.44|UN|27701.08|6102|50|0.00|12.00|0.00|0.00|0.00|0.00|0.00|0.00|0.00|
|C170|2|PROD004|PRODUTO ACABADO D|11.37|UN|8545.76|6102|60|0.00|12.00|0.00|0.00|0.00|0.00|0.00|0.00|0.00|
|C170|3|PROD006|EMBALAGEM PADRAO F|32.48|UN|238.39|6102|60|0.00|12.00|0.00|0.00|0.00|0.00|0.00|0.00|0.00|
|C170|4|PROD002|COMPONENTE ELETRICO B|12.82|UN|459.95|6102|20|451.45|12.00|54.17|0.00|0.00|0.00|0.00|0.00|0.00|
|C170|5|PROD001|PECA MECANICA TIPO A|26.77|UN|2268.59|6102|00|2232.97|12.00|267.96|0.00|0.00|0.00|0.00|0.00|0.00|
|C100|1|0|98765432000188|55|00|000000251|000|26022024|28022024|21686.10|20400.21|2448.03|0.00|0.00|0.00|0.00|0.00|0.00|0.00|0|33366699000100|
|C170|1|PROD008|CONJUNTO MONTADO H|14.90|UN|12174.34|5403|90|11883.49|12.00|1426.02|0.00|0.00|0.00|0.00|0.00|0.00|
|C170|2|PROD001|PECA MECANICA TIPO A|33.76|UN|2604.55|5403|00|2401.58|12.00|288.19|0.00|0.00|0.00|0.00|0.00|0.00|
|C170|3|PROD006|EMBALAGEM PADRAO F|30.51|UN|358.82|5403|00|315.57|12.00|37.87|0.00|0.00|0.00|0.00|0.00|0.00|
|C170|4|PROD004|PRODUTO ACABADO D|6.45|UN|6245.86|5403|00|5520.75|12.00|662.49|0.00|0.00|0.00|0.00|0.00|0.00|
|C170|5|PROD006|EMBALAGEM PADRAO F|40.55|UN|302.53|5403|51|278.82|12.00|33.46|0.00|0.00|0.00|0.00|0.00|0.00|
|C100|1|0|98765432000188|55|00|000000252|000|05022024|05022024|15059.35|8550.85|1026.10|0.00|0.00|0.00|0.00|0.00|0.00|0.00|0|22244466000133|
|C170|1|PROD007|PARTE SOBRESSALENTE G|14.44|UN|2212.48|6101|00|1885.11|12.00|226.21|0.00|0.00|0.00|0.00|0.00|0.00|
|C170|2|PROD008|CONJUNTO MONTADO H|6.63|UN|6695.34|6101|00|6665.74|12.00|799.89|0.00|0.00|0.00|0.00|0.00|0.00|
|C170|3|PROD004|PRODUTO ACABADO D|7.81|UN|6151.53|6101|40|0.00|12.00|0.00|0.00|0.00|0.00|0.00|0.00|0.00|
|C100|1|0|98765432000188|55|00|000000253|000|22022024|24022024|16088.40|14834.43|1780.13|0.00|0.00|0.00|0.00|0.00|0.00|0.00|0|99900011000155|
|C170|1|PROD006|EMBALAGEM PADRAO F|42.85|UN|259.23|5403|10|251.00|12.00|30.12|0.00|0.00|0.00|0.00|0.00|0.00|
|C170|2|PROD003|MATERIAL BRUTO C|20.69|UN|4680.34|5403|00|4404.51|12.00|528.54|0.00|0.00|0.00|0.00|0.00|0.00|
|C170|3|PROD003|MATERIAL BRUTO C|49.70|UN|11148.83|5403|90|10178.92|12.00|1221.47|0.00|0.00|0.00|0.00|0.00|0.00|
|C100|1|0|98765432000188|55|00|000000254|000|09022024|09022024|3372.46|2949.37|353.92|0.00|0.00|0.00|0.00|0.00|0.00|0.00|0|99900011000155|
|C170|1|PROD001|PECA MECANICA TIPO A|49.46|UN|3372.46|5403|00|2949.37|12.00|353.92|0.00|0.00|0.00|0.00|0.00|0.00|
|C100|1|0|98765432000188|55|00|000000255|000|18022024|21022024|33723.05|2081.21|249.75|0.00|0.00|0.00|0.00|0.00|0.00|0.00|0|77788899000177|
|C170|1|PROD005|INSUMO INDUSTRIAL E|33.65|UN|1055.39|6102|10|921.64|12.00|110.60|0.00|0.00|0.00|0.00|0.00|0.00|
|C170|2|PROD008|CONJUNTO MONTADO H|32.70|UN|28676.80|6102|40|0.00|12.00|0.00|0.00|0.00|0.00|0.00|0.00|0.00|
|C170|3|PROD005|INSUMO INDUSTRIAL E|37.24|UN|746.33|6102|20|682.60|12.00|81.91|0.00|0.00|0.00|0.00|0.00|0.00|
|C170|4|PROD007|PARTE SOBRESSALENTE G|5.26|UN|515.87|6102|20|476.97|12.00|57.24|0.00|0.00|0.00|0.00|0.00|0.00|
|C170|5|PROD007|PARTE SOBRESSALENTE G|32.43|UN|2728.66|6102|60|0.00|12.00|0.00|0.00|0.00|0.00|0.00|0.00|0.00|
|C100|1|0|98765432000188|55|00|000000256|000|16022024|16022024|16773.56|16075.56|1929.06|0.00|0.00|0.00|0.00|0.00|0.00|0.00|0|77788899000177|
|C170|1|PROD007|PARTE SOBRESSALENTE G|24.57|UN|3197.92|6102|00|2909.53|12.00|349.14|0.00|0.00|0.00|0.00|0.00|0.00|
|C170|2|PROD005|INSUMO INDUSTRIAL E|3.56|UN|60.84|6102|50|0.00|12.00|0.00|0.00|0.00|0.00|0.00|0.00|0.00|
|C170|3|PROD004|PRODUTO ACABADO D|21.22|UN|13514.80|6102|10|13166.03|12.00|1579.92|0.00|0.00|0.00|0.00|0.00|0.00|
|C100|1|0|98765432000188|55|00|000000257|000|26022024|29022024|23469.50|20431.16|2451.73|0.00|0.00|0.00|0.00|0.00|0.00|0.00|0|99900011000155|
|C170|1|PROD005|INSUMO INDUSTRIAL E|5.10|UN|82.91|5101|00|75.35|12.00|9.04|0.00|0.00|0.00|0.00|0.00|0.00|
|C170|2|PROD001|PECA MECANICA TIPO A|41.89|UN|3833.12|5101|10|3453.54|12.00|414.42|0.00|0.00|0.00|0.00|0.00|0.00|
|C170|3|PROD008|CONJUNTO MONTADO H|16.24|UN|19553.47|5101|00|16902.27|12.00|2028.27|0.00|0.00|0.00|0.00|0.00|0.00|
|C100|1|0|98765432000188|55|00|000000258|000|28022024|01032024|1666.44|0.00|0.00|0.00|0.00|0.00|0.00|0.00|0.00|0.00|0|99900011000155|
|C170|1|PROD006|EMBALAGEM PADRAO F|36.63|UN|404.42|5403|40|0.00|12.00|0.00|0.00|0.00|0.00|0.00|0.00|0.00|
|C170|2|PROD007|PARTE SOBRESSALENTE G|8.66|UN|1262.02|5403|60|0.00|12.00|0.00|0.00|0.00|0.00|0.00|0.00|0.00|
|C100|1|0|98765432000188|55|00|000000259|000|06022024|07022024|48475.68|2122.67|254.72|0.00|0.00|0.00|0.00|0.00|0.00|0.00|0|33366699000100|
|C170|1|PROD005|INSUMO INDUSTRIAL E|25.45|UN|1040.35|5401|00|948.54|12.00|113.82|0.00|0.00|0.00|0.00|0.00|0.00|
|C170|2|PROD008|CONJUNTO MONTADO H|20.45|UN|26060.63|5401|60|0.00|12.00|0.00|0.00|0.00|0.00|0.00|0.00|0.00|
|C170|3|PROD004|PRODUTO ACABADO D|28.91|UN|15924.55|5401|40|0.00|12.00|0.00|0.00|0.00|0.00|0.00|0.00|0.00|
|C170|4|PROD008|CONJUNTO MONTADO H|3.90|UN|4179.73|5401|40|0.00|12.00|0.00|0.00|0.00|0.00|0.00|0.00|0.00|
|C170|5|PROD002|COMPONENTE ELETRICO B|37.80|UN|1270.42|5401|00|1174.13|12.00|140.90|0.00|0.00|0.00|0.00|0.00|0.00|
|C100|1|0|98765432000188|55|00|000000260|000|22022024|24022024|44786.23|42231.05|5067.72|0.00|0.00|0.00|0.00|0.00|0.00|0.00|0|77788899000177|
|C170|1|PROD003|MATERIAL BRUTO C|20.95|UN|4743.50|5101|90|4739.19|12.00|568.70|0.00|0.00|0.00|0.00|0.00|0.00|
|C170|2|PROD008|CONJUNTO MONTADO H|45.50|UN|40042.73|5101|10|37491.86|12.00|4499.02|0.00|0.00|0.00|0.00|0.00|0.00|
|C100|1|0|98765432000188|55|00|000000261|000|25022024|28022024|34235.04|29899.54|3587.94|0.00|0.00|0.00|0.00|0.00|0.00|0.00|0|33366699000100|
|C170|1|PROD008|CONJUNTO MONTADO H|45.81|UN|34020.45|5401|10|29899.54|12.00|3587.94|0.00|0.00|0.00|0.00|0.00|0.00|
|C170|2|PROD006|EMBALAGEM PADRAO F|25.45|UN|214.59|5401|50|0.00|12.00|0.00|0.00|0.00|0.00|0.00|0.00|0.00|
|C100|1|0|98765432000188|55|00|000000262|000|03022024|06022024|1288.57|0.00|0.00|0.00|0.00|0.00|0.00|0.00|0.00|0.00|0|55512312300010|
|C170|1|PROD005|INSUMO INDUSTRIAL E|43.98|UN|888.04|5101|50|0.00|12.00|0.00|0.00|0.00|0.00|0.00|0.00|0.00|
|C170|2|PROD006|EMBALAGEM PADRAO F|45.26|UN|400.53|5101|40|0.00|12.00|0.00|0.00|0.00|0.00|0.00|0.00|0.00|
|C100|1|0|98765432000188|55|00|000000263|000|12022024|15022024|42719.50|40444.96|4853.40|0.00|0.00|0.00|0.00|0.00|0.00|0.00|0|33366699000100|
|C170|1|PROD008|CONJUNTO MONTADO H|16.83|UN|23122.85|5401|90|22213.27|12.00|2665.59|0.00|0.00|0.00|0.00|0.00|0.00|
|C170|2|PROD002|COMPONENTE ELETRICO B|42.19|UN|1647.79|5401|00|1599.80|12.00|191.98|0.00|0.00|0.00|0.00|0.00|0.00|
|C170|3|PROD003|MATERIAL BRUTO C|5.85|UN|1980.46|5401|00|1752.01|12.00|210.24|0.00|0.00|0.00|0.00|0.00|0.00|
|C170|4|PROD001|PECA MECANICA TIPO A|45.60|UN|3065.96|5401|90|2667.65|12.00|320.12|0.00|0.00|0.00|0.00|0.00|0.00|
|C170|5|PROD003|MATERIAL BRUTO C|48.02|UN|12902.44|5401|00|12212.23|12.00|1465.47|0.00|0.00|0.00|0.00|0.00|0.00|
|C100|1|0|98765432000188|55|00|000000264|000|08022024|09022024|14935.83|0.00|0.00|0.00|0.00|0.00|0.00|0.00|0.00|0.00|0|33366699000100|
|C170|1|PROD005|INSUMO INDUSTRIAL E|34.28|UN|1000.17|6102|70|0.00|12.00|0.00|0.00|0.00|0.00|0.00|0.00|0.00|
|C170|2|PROD003|MATERIAL BRUTO C|45.84|UN|13935.66|6102|40|0.00|12.00|0.00|0.00|0.00|0.00|0.00|0.00|0.00|
|C100|1|0|98765432000188|55|00|000000265|000|10022024|13022024|4980.48|0.00|0.00|0.00|0.00|0.00|0.00|0.00|0.00|0.00|0|55512312300010|
|C170|1|PROD003|MATERIAL BRUTO C|20.27|UN|4887.86|5403|40|0.00|12.00|0.00|0.00|0.00|0.00|0.00|0.00|0.00|
|C170|2|PROD006|EMBALAGEM PADRAO F|8.37|UN|92.62|5403|40|0.00|12.00|0.00|0.00|0.00|0.00|0.00|0.00|0.00|
|C100|1|0|98765432000188|55|00|000000266|000|07022024|09022024|44276.51|37597.11|4511.65|0.00|0.00|0.00|0.00|0.00|0.00|0.00|0|99900011000155|
|C170|1|PROD007|PARTE SOBRESSALENTE G|2.07|UN|263.98|5101|20|235.93|12.00|28.31|0.00|0.00|0.00|0.00|0.00|0.00|
|C170|2|PROD004|PRODUTO ACABADO D|49.23|UN|39114.71|5101|00|36591.33|12.00|4390.96|0.00|0.00|0.00|0.00|0.00|0.00|
|C170|3|PROD006|EMBALAGEM PADRAO F|4.24|UN|40.02|5101|00|34.79|12.00|4.17|0.00|0.00|0.00|0.00|0.00|0.00|
|C170|4|PROD007|PARTE SOBRESSALENTE G|7.21|UN|781.42|5101|10|735.06|12.00|88.21|0.00|0.00|0.00|0.00|0.00|0.00|
|C170|5|PROD007|PARTE SOBRESSALENTE G|48.51|UN|4076.38|5101|60|0.00|12.00|0.00|0.00|0.00|0.00|0.00|0.00|0.00|
|C100|1|0|98765432000188|55|00|000000267|000|10022024|10022024|23333.97|434.79|52.17|0.00|0.00|0.00|0.00|0.00|0.00|0.00|0|77788899000177|
|C170|1|PROD006|EMBALAGEM PADRAO F|5.34|UN|55.39|5101|50|0.00|12.00|0.00|0.00|0.00|0.00|0.00|0.00|0.00|
|C170|2|PROD004|PRODUTO ACABADO D|37.43|UN|22819.75|5101|40|0.00|12.00|0.00|0.00|0.00|0.00|0.00|0.00|0.00|
|C170|3|PROD005|INSUMO INDUSTRIAL E|18.19|UN|458.83|5101|90|434.79|12.00|52.17|0.00|0.00|0.00|0.00|0.00|0.00|
|C100|1|0|98765432000188|55|00|000000268|000|10022024|11022024|6158.79|5608.14|672.97|0.00|0.00|0.00|0.00|0.00|0.00|0.00|0|77788899000177|
|C170|1|PROD001|PECA MECANICA TIPO A|26.19|UN|1346.53|5401|51|1188.27|12.00|142.59|0.00|0.00|0.00|0.00|0.00|0.00|
|C170|2|PROD007|PARTE SOBRESSALENTE G|47.06|UN|4665.90|5401|10|4419.87|12.00|530.38|0.00|0.00|0.00|0.00|0.00|0.00|
|C170|3|PROD006|EMBALAGEM PADRAO F|12.69|UN|146.36|5401|30|0.00|12.00|0.00|0.00|0.00|0.00|0.00|0.00|0.00|
|C100|1|0|98765432000188|55|00|000000269|000|28022024|01032024|110.74|0.00|0.00|0.00|0.00|0.00|0.00|0.00|0.00|0.00|0|33366699000100|
|C170|1|PROD006|EMBALAGEM PADRAO F|11.25|UN|110.74|6101|50|0.00|12.00|0.00|0.00|0.00|0.00|0.00|0.00|0.00|
|C100|1|0|98765432000188|55|00|000000270|000|17022024|18022024|1040.83|1036.48|124.38|0.00|0.00|0.00|0.00|0.00|0.00|0.00|0|77788899000177|
|C170|1|PROD007|PARTE SOBRESSALENTE G|9.94|UN|1040.83|5101|00|1036.48|12.00|124.38|0.00|0.00|0.00|0.00|0.00|0.00|
|C100|1|0|98765432000188|55|00|000000271|000|03022024|05022024|8005.99|5893.30|707.20|0.00|0.00|0.00|0.00|0.00|0.00|0.00|0|99900011000155|
|C170|1|PROD007|PARTE SOBRESSALENTE G|11.65|UN|1365.15|5401|90|1170.99|12.00|140.52|0.00|0.00|0.00|0.00|0.00|0.00|
|C170|2|PROD008|CONJUNTO MONTADO H|3.85|UN|5006.38|5401|20|4722.31|12.00|566.68|0.00|0.00|0.00|0.00|0.00|0.00|
|C170|3|PROD005|INSUMO INDUSTRIAL E|47.40|UN|1634.46|5401|40|0.00|12.00|0.00|0.00|0.00|0.00|0.00|0.00|0.00|
|C100|1|0|98765432000188|55|00|000000272|000|13022024|14022024|34703.59|24144.22|2897.31|0.00|0.00|0.00|0.00|0.00|0.00|0.00|0|77788899000177|
|C170|1|PROD004|PRODUTO ACABADO D|43.99|UN|26265.58|5102|20|24110.50|12.00|2893.26|0.00|0.00|0.00|0.00|0.00|0.00|
|C170|2|PROD008|CONJUNTO MONTADO H|1.16|UN|1440.14|5102|40|0.00|12.00|0.00|0.00|0.00|0.00|0.00|0.00|0.00|
|C170|3|PROD006|EMBALAGEM PADRAO F|3.58|UN|36.37|5102|00|33.72|12.00|4.05|0.00|0.00|0.00|0.00|0.00|0.00|
|C170|4|PROD007|PARTE SOBRESSALENTE G|49.94|UN|6961.50|5102|40|0.00|12.00|0.00|0.00|0.00|0.00|0.00|0.00|0.00|
|C100|1|0|98765432000188|55|00|000000273|000|20022024|23022024|27663.14|677.22|81.27|0.00|0.00|0.00|0.00|0.00|0.00|0.00|0|22244466000133|
|C170|1|PROD002|COMPONENTE ELETRICO B|29.86|UN|1609.59|5403|50|0.00|12.00|0.00|0.00|0.00|0.00|0.00|0.00|0.00|
|C170|2|PROD008|CONJUNTO MONTADO H|20.05|UN|25342.06|5403|50|0.00|12.00|0.00|0.00|0.00|0.00|0.00|0.00|0.00|
|C170|3|PROD002|COMPONENTE ELETRICO B|15.73|UN|711.49|5403|00|677.22|12.00|81.27|0.00|0.00|0.00|0.00|0.00|0.00|
|C100|1|0|98765432000188|55|00|000000274|000|18022024|19022024|19487.42|18288.03|2194.57|0.00|0.00|0.00|0.00|0.00|0.00|0.00|0|99900011000155|
|C170|1|PROD004|PRODUTO ACABADO D|26.84|UN|18568.94|6101|00|17467.88|12.00|2096.15|0.00|0.00|0.00|0.00|0.00|0.00|
|C170|2|PROD006|EMBALAGEM PADRAO F|5.93|UN|62.98|6101|10|56.52|12.00|6.78|0.00|0.00|0.00|0.00|0.00|0.00|
|C170|3|PROD005|INSUMO INDUSTRIAL E|36.45|UN|855.50|6101|20|763.63|12.00|91.64|0.00|0.00|0.00|0.00|0.00|0.00|
|C100|1|0|98765432000188|55|00|000000275|000|27022024|01032024|2262.42|2132.44|255.88|0.00|0.00|0.00|0.00|0.00|0.00|0.00|0|99900011000155|
|C170|1|PROD006|EMBALAGEM PADRAO F|11.03|UN|130.53|5101|20|129.37|12.00|15.52|0.00|0.00|0.00|0.00|0.00|0.00|
|C170|2|PROD006|EMBALAGEM PADRAO F|12.16|UN|128.27|5101|00|114.78|12.00|13.77|0.00|0.00|0.00|0.00|0.00|0.00|
|C170|3|PROD002|COMPONENTE ELETRICO B|25.26|UN|2003.62|5101|51|1888.29|12.00|226.59|0.00|0.00|0.00|0.00|0.00|0.00|
|C100|1|0|98765432000188|55|00|000000276|000|24022024|24022024|9807.60|6549.99|786.00|0.00|0.00|0.00|0.00|0.00|0.00|0.00|0|22244466000133|
|C170|1|PROD003|MATERIAL BRUTO C|2.00|UN|413.00|5403|20|377.33|12.00|45.28|0.00|0.00|0.00|0.00|0.00|0.00|
|C170|2|PROD001|PECA MECANICA TIPO A|33.48|UN|3481.56|5403|10|3385.68|12.00|406.28|0.00|0.00|0.00|0.00|0.00|0.00|
|C170|3|PROD001|PECA MECANICA TIPO A|26.57|UN|3030.61|5403|51|2786.98|12.00|334.44|0.00|0.00|0.00|0.00|0.00|0.00|
|C170|4|PROD001|PECA MECANICA TIPO A|38.65|UN|2882.43|5403|40|0.00|12.00|0.00|0.00|0.00|0.00|0.00|0.00|0.00|
|C100|1|0|98765432000188|55|00|000000277|000|08022024|08022024|56704.80|3172.13|380.66|0.00|0.00|0.00|0.00|0.00|0.00|0.00|0|33366699000100|
|C170|1|PROD002|COMPONENTE ELETRICO B|44.47|UN|3375.64|6102|10|3172.13|12.00|380.66|0.00|0.00|0.00|0.00|0.00|0.00|
|C170|2|PROD005|INSUMO INDUSTRIAL E|9.36|UN|280.99|6102|40|0.00|12.00|0.00|0.00|0.00|0.00|0.00|0.00|0.00|
|C170|3|PROD001|PECA MECANICA TIPO A|45.44|UN|4446.37|6102|40|0.00|12.00|0.00|0.00|0.00|0.00|0.00|0.00|0.00|
|C170|4|PROD008|CONJUNTO MONTADO H|46.35|UN|48601.80|6102|40|0.00|12.00|0.00|0.00|0.00|0.00|0.00|0.00|0.00|
|C100|1|0|98765432000188|55|00|000000278|000|25022024|26022024|24893.23|19968.12|2396.17|0.00|0.00|0.00|0.00|0.00|0.00|0.00|0|22244466000133|
|C170|1|PROD008|CONJUNTO MONTADO H|4.76|UN|6268.75|5102|00|5573.06|12.00|668.77|0.00|0.00|0.00|0.00|0.00|0.00|
|C170|2|PROD006|EMBALAGEM PADRAO F|39.87|UN|349.63|5102|00|331.61|12.00|39.79|0.00|0.00|0.00|0.00|0.00|0.00|
|C170|3|PROD004|PRODUTO ACABADO D|22.78|UN|16266.71|5102|00|14063.45|12.00|1687.61|0.00|0.00|0.00|0.00|0.00|0.00|
|C170|4|PROD002|COMPONENTE ELETRICO B|43.20|UN|2008.14|5102|40|0.00|12.00|0.00|0.00|0.00|0.00|0.00|0.00|0.00|
|C100|1|0|98765432000188|55|00|000000279|000|26022024|26022024|127400.59|8949.52|1073.94|0.00|0.00|0.00|0.00|0.00|0.00|0.00|0|33366699000100|
|C170|1|PROD004|PRODUTO ACABADO D|38.38|UN|26270.73|6101|40|0.00|12.00|0.00|0.00|0.00|0.00|0.00|0.00|0.00|
|C170|2|PROD003|MATERIAL BRUTO C|33.79|UN|9559.36|6101|00|8949.52|12.00|1073.94|0.00|0.00|0.00|0.00|0.00|0.00|
|C170|3|PROD008|CONJUNTO MONTADO H|46.68|UN|59750.29|6101|41|0.00|12.00|0.00|0.00|0.00|0.00|0.00|0.00|0.00|
|C170|4|PROD005|INSUMO INDUSTRIAL E|22.89|UN|754.26|6101|50|0.00|12.00|0.00|0.00|0.00|0.00|0.00|0.00|0.00|
|C170|5|PROD008|CONJUNTO MONTADO H|23.07|UN|31065.95|6101|40|0.00|12.00|0.00|0.00|0.00|0.00|0.00|0.00|0.00|
|C100|1|0|98765432000188|55|00|000000280|000|17022024|19022024|34387.54|31375.59|3765.07|0.00|0.00|0.00|0.00|0.00|0.00|0.00|0|22244466000133|
|C170|1|PROD001|PECA MECANICA TIPO A|5.34|UN|606.92|5101|41|0.00|12.00|0.00|0.00|0.00|0.00|0.00|0.00|0.00|
|C170|2|PROD006|EMBALAGEM PADRAO F|46.95|UN|264.31|5101|30|0.00|12.00|0.00|0.00|0.00|0.00|0.00|0.00|0.00|
|C170|3|PROD008|CONJUNTO MONTADO H|23.19|UN|32426.37|5101|20|30378.90|12.00|3645.47|0.00|0.00|0.00|0.00|0.00|0.00|
|C170|4|PROD002|COMPONENTE ELETRICO B|14.42|UN|1089.94|5101|10|996.69|12.00|119.60|0.00|0.00|0.00|0.00|0.00|0.00|
|C100|1|0|98765432000188|55|00|000000281|000|20022024|23022024|28701.83|25886.31|3106.35|0.00|0.00|0.00|0.00|0.00|0.00|0.00|0|55512312300010|
|C170|1|PROD006|EMBALAGEM PADRAO F|3.67|UN|25.32|5403|00|21.53|12.00|2.58|0.00|0.00|0.00|0.00|0.00|0.00|
|C170|2|PROD007|PARTE SOBRESSALENTE G|4.98|UN|791.40|5403|10|716.85|12.00|86.02|0.00|0.00|0.00|0.00|0.00|0.00|
|C170|3|PROD008|CONJUNTO MONTADO H|23.23|UN|27547.66|5403|20|25147.93|12.00|3017.75|0.00|0.00|0.00|0.00|0.00|0.00|
|C170|4|PROD006|EMBALAGEM PADRAO F|32.48|UN|337.45|5403|60|0.00|12.00|0.00|0.00|0.00|0.00|0.00|0.00|0.00|
|C100|1|0|98765432000188|55|00|000000282|000|24022024|27022024|21875.77|715.30|85.84|0.00|0.00|0.00|0.00|0.00|0.00|0.00|0|33366699000100|
|C170|1|PROD005|INSUMO INDUSTRIAL E|48.73|UN|841.13|5102|00|715.30|12.00|85.84|0.00|0.00|0.00|0.00|0.00|0.00|
|C170|2|PROD004|PRODUTO ACABADO D|26.46|UN|21034.64|5102|41|0.00|12.00|0.00|0.00|0.00|0.00|0.00|0.00|0.00|
|C100|1|0|98765432000188|55|00|000000283|000|08022024|09022024|90677.22|61943.03|7433.16|0.00|0.00|0.00|0.00|0.00|0.00|0.00|0|77788899000177|
|C170|1|PROD007|PARTE SOBRESSALENTE G|35.45|UN|4640.59|5101|51|4527.72|12.00|543.33|0.00|0.00|0.00|0.00|0.00|0.00|
|C170|2|PROD008|CONJUNTO MONTADO H|42.05|UN|57416.86|5101|10|56122.95|12.00|6734.75|0.00|0.00|0.00|0.00|0.00|0.00|
|C170|3|PROD004|PRODUTO ACABADO D|44.97|UN|27228.59|5101|50|0.00|12.00|0.00|0.00|0.00|0.00|0.00|0.00|0.00|
|C170|4|PROD006|EMBALAGEM PADRAO F|1.62|UN|10.43|5101|51|9.33|12.00|1.12|0.00|0.00|0.00|0.00|0.00|0.00|
|C170|5|PROD001|PECA MECANICA TIPO A|27.61|UN|1380.75|5101|20|1283.03|12.00|153.96|0.00|0.00|0.00|0.00|0.00|0.00|
|C100|1|0|98765432000188|55|00|000000284|000|05022024|06022024|20538.43|18800.52|2256.06|0.00|0.00|0.00|0.00|0.00|0.00|0.00|0|22244466000133|
|C170|1|PROD007|PARTE SOBRESSALENTE G|42.27|UN|4841.91|5101|00|4554.23|12.00|546.51|0.00|0.00|0.00|0.00|0.00|0.00|
|C170|2|PROD004|PRODUTO ACABADO D|11.79|UN|10692.16|5101|20|9620.26|12.00|1154.43|0.00|0.00|0.00|0.00|0.00|0.00|
|C170|3|PROD003|MATERIAL BRUTO C|3.87|UN|843.17|5101|20|822.92|12.00|98.75|0.00|0.00|0.00|0.00|0.00|0.00|
|C170|4|PROD001|PECA MECANICA TIPO A|32.35|UN|3159.53|5101|20|2889.74|12.00|346.77|0.00|0.00|0.00|0.00|0.00|0.00|
|C170|5|PROD001|PECA MECANICA TIPO A|10.93|UN|1001.66|5101|90|913.37|12.00|109.60|0.00|0.00|0.00|0.00|0.00|0.00|
|C100|1|0|98765432000188|55|00|000000285|000|19022024|22022024|376.44|328.37|39.40|0.00|0.00|0.00|0.00|0.00|0.00|0.00|0|55512312300010|
|C170|1|PROD005|INSUMO INDUSTRIAL E|14.29|UN|376.44|6102|00|328.37|12.00|39.40|0.00|0.00|0.00|0.00|0.00|0.00|
|C100|1|0|98765432000188|55|00|000000286|000|28022024|29022024|38308.91|36373.17|4364.78|0.00|0.00|0.00|0.00|0.00|0.00|0.00|0|99900011000155|
|C170|1|PROD006|EMBALAGEM PADRAO F|28.60|UN|244.78|5101|30|0.00|12.00|0.00|0.00|0.00|0.00|0.00|0.00|0.00|
|C170|2|PROD004|PRODUTO ACABADO D|13.54|UN|8180.18|5101|10|7447.97|12.00|893.76|0.00|0.00|0.00|0.00|0.00|0.00|
|C170|3|PROD005|INSUMO INDUSTRIAL E|27.02|UN|691.17|5101|40|0.00|12.00|0.00|0.00|0.00|0.00|0.00|0.00|0.00|
|C170|4|PROD006|EMBALAGEM PADRAO F|49.81|UN|405.00|5101|00|374.76|12.00|44.97|0.00|0.00|0.00|0.00|0.00|0.00|
|C170|5|PROD004|PRODUTO ACABADO D|47.00|UN|28787.78|5101|51|28550.44|12.00|3426.05|0.00|0.00|0.00|0.00|0.00|0.00|
|C100|1|0|98765432000188|55|00|000000287|000|23022024|26022024|8474.78|7840.77|940.89|0.00|0.00|0.00|0.00|0.00|0.00|0.00|0|99900011000155|
|C170|1|PROD003|MATERIAL BRUTO C|18.39|UN|3997.50|5101|90|3908.77|12.00|469.05|0.00|0.00|0.00|0.00|0.00|0.00|
|C170|2|PROD007|PARTE SOBRESSALENTE G|40.29|UN|3919.91|5101|20|3420.94|12.00|410.51|0.00|0.00|0.00|0.00|0.00|0.00|
|C170|3|PROD005|INSUMO INDUSTRIAL E|33.24|UN|557.37|5101|10|511.06|12.00|61.33|0.00|0.00|0.00|0.00|0.00|0.00|
|C100|1|0|98765432000188|55|00|000000288|000|03022024|05022024|52961.61|28478.76|3417.46|0.00|0.00|0.00|0.00|0.00|0.00|0.00|0|99900011000155|
|C170|1|PROD002|COMPONENTE ELETRICO B|46.97|UN|3069.15|5101|50|0.00|12.00|0.00|0.00|0.00|0.00|0.00|0.00|0.00|
|C170|2|PROD005|INSUMO INDUSTRIAL E|40.74|UN|741.97|5101|00|639.55|12.00|76.75|0.00|0.00|0.00|0.00|0.00|0.00|
|C170|3|PROD008|CONJUNTO MONTADO H|39.81|UN|29428.92|5101|00|27839.21|12.00|3340.71|0.00|0.00|0.00|0.00|0.00|0.00|
|C170|4|PROD007|PARTE SOBRESSALENTE G|33.53|UN|4782.00|5101|40|0.00|12.00|0.00|0.00|0.00|0.00|0.00|0.00|0.00|
|C170|5|PROD004|PRODUTO ACABADO D|19.31|UN|14939.57|5101|40|0.00|12.00|0.00|0.00|0.00|0.00|0.00|0.00|0.00|
|C100|1|0|98765432000188|55|00|000000289|000|18022024|18022024|30986.83|29718.50|3566.22|0.00|0.00|0.00|0.00|0.00|0.00|0.00|0|22244466000133|
|C170|1|PROD008|CONJUNTO MONTADO H|41.65|UN|30986.83|5102|00|29718.50|12.00|3566.22|0.00|0.00|0.00|0.00|0.00|0.00|
|C100|1|0|98765432000188|55|00|000000290|000|13022024|13022024|37006.08|35614.41|4273.73|0.00|0.00|0.00|0.00|0.00|0.00|0.00|0|77788899000177|
|C170|1|PROD008|CONJUNTO MONTADO H|36.95|UN|33143.25|5101|00|31999.75|12.00|3839.97|0.00|0.00|0.00|0.00|0.00|0.00|
|C170|2|PROD005|INSUMO INDUSTRIAL E|34.44|UN|1024.44|5101|10|963.72|12.00|115.65|0.00|0.00|0.00|0.00|0.00|0.00|
|C170|3|PROD003|MATERIAL BRUTO C|11.91|UN|2838.39|5101|00|2650.94|12.00|318.11|0.00|0.00|0.00|0.00|0.00|0.00|
|C100|1|0|98765432000188|55|00|000000291|000|28022024|28022024|23200.12|7105.33|852.64|0.00|0.00|0.00|0.00|0.00|0.00|0.00|0|55512312300010|
|C170|1|PROD004|PRODUTO ACABADO D|30.23|UN|15421.23|6101|30|0.00|12.00|0.00|0.00|0.00|0.00|0.00|0.00|0.00|
|C170|2|PROD007|PARTE SOBRESSALENTE G|49.68|UN|7778.89|6101|00|7105.33|12.00|852.64|0.00|0.00|0.00|0.00|0.00|0.00|
|C100|1|0|98765432000188|55|00|000000292|000|03022024|05022024|29651.60|25661.21|3079.35|0.00|0.00|0.00|0.00|0.00|0.00|0.00|0|99900011000155|
|C170|1|PROD004|PRODUTO ACABADO D|32.30|UN|29651.60|5401|10|25661.21|12.00|3079.35|0.00|0.00|0.00|0.00|0.00|0.00|
|C100|1|0|98765432000188|55|00|000000293|000|22022024|23022024|6014.88|5880.63|705.67|0.00|0.00|0.00|0.00|0.00|0.00|0.00|0|22244466000133|
|C170|1|PROD002|COMPONENTE ELETRICO B|23.97|UN|1453.60|6101|00|1396.99|12.00|167.64|0.00|0.00|0.00|0.00|0.00|0.00|
|C170|2|PROD001|PECA MECANICA TIPO A|37.46|UN|2776.39|6101|00|2775.94|12.00|333.11|0.00|0.00|0.00|0.00|0.00|0.00|
|C170|3|PROD008|CONJUNTO MONTADO H|1.57|UN|1784.89|6101|20|1707.70|12.00|204.92|0.00|0.00|0.00|0.00|0.00|0.00|
|C100|1|0|98765432000188|55|00|000000294|000|23022024|25022024|38581.91|33567.26|4028.07|0.00|0.00|0.00|0.00|0.00|0.00|0.00|0|99900011000155|
|C170|1|PROD002|COMPONENTE ELETRICO B|5.09|UN|170.84|6102|41|0.00|12.00|0.00|0.00|0.00|0.00|0.00|0.00|0.00|
|C170|2|PROD008|CONJUNTO MONTADO H|43.38|UN|33168.22|6102|10|30971.09|12.00|3716.53|0.00|0.00|0.00|0.00|0.00|0.00|
|C170|3|PROD001|PECA MECANICA TIPO A|22.32|UN|2324.48|6102|40|0.00|12.00|0.00|0.00|0.00|0.00|0.00|0.00|0.00|
|C170|4|PROD001|PECA MECANICA TIPO A|30.93|UN|2918.37|6102|20|2596.17|12.00|311.54|0.00|0.00|0.00|0.00|0.00|0.00|
|C100|1|0|98765432000188|55|00|000000295|000|20022024|22022024|58287.43|51863.23|6223.59|0.00|0.00|0.00|0.00|0.00|0.00|0.00|0|55512312300010|
|C170|1|PROD007|PARTE SOBRESSALENTE G|18.78|UN|2402.78|6101|00|2045.98|12.00|245.52|0.00|0.00|0.00|0.00|0.00|0.00|
|C170|2|PROD008|CONJUNTO MONTADO H|43.18|UN|54707.25|6101|00|48654.09|12.00|5838.49|0.00|0.00|0.00|0.00|0.00|0.00|
|C170|3|PROD002|COMPONENTE ELETRICO B|31.52|UN|1177.40|6101|00|1163.16|12.00|139.58|0.00|0.00|0.00|0.00|0.00|0.00|
|C100|1|0|98765432000188|55|00|000000296|000|23022024|26022024|36205.52|23913.25|2869.59|0.00|0.00|0.00|0.00|0.00|0.00|0.00|0|22244466000133|
|C170|1|PROD003|MATERIAL BRUTO C|31.23|UN|9730.02|5101|40|0.00|12.00|0.00|0.00|0.00|0.00|0.00|0.00|0.00|
|C170|2|PROD003|MATERIAL BRUTO C|13.93|UN|4237.00|5101|00|4102.16|12.00|492.26|0.00|0.00|0.00|0.00|0.00|0.00|
|C170|3|PROD006|EMBALAGEM PADRAO F|5.48|UN|47.45|5101|00|41.19|12.00|4.94|0.00|0.00|0.00|0.00|0.00|0.00|
|C170|4|PROD004|PRODUTO ACABADO D|32.75|UN|21702.11|5101|20|19346.77|12.00|2321.61|0.00|0.00|0.00|0.00|0.00|0.00|
|C170|5|PROD002|COMPONENTE ELETRICO B|5.88|UN|488.94|5101|51|423.13|12.00|50.78|0.00|0.00|0.00|0.00|0.00|0.00|
|C100|1|0|98765432000188|55|00|000000297|000|18022024|20022024|27591.93|26437.76|3172.53|0.00|0.00|0.00|0.00|0.00|0.00|0.00|0|99900011000155|
|C170|1|PROD002|COMPONENTE ELETRICO B|24.06|UN|740.23|5401|41|0.00|12.00|0.00|0.00|0.00|0.00|0.00|0.00|0.00|
|C170|2|PROD008|CONJUNTO MONTADO H|30.88|UN|26851.70|5401|20|26437.76|12.00|3172.53|0.00|0.00|0.00|0.00|0.00|0.00|
|C100|1|0|98765432000188|55|00|000000298|000|05022024|06022024|3353.03|408.01|48.96|0.00|0.00|0.00|0.00|0.00|0.00|0.00|0|33366699000100|
|C170|1|PROD002|COMPONENTE ELETRICO B|11.02|UN|542.45|5102|40|0.00|12.00|0.00|0.00|0.00|0.00|0.00|0.00|0.00|
|C170|2|PROD006|EMBALAGEM PADRAO F|39.79|UN|445.63|5102|10|408.01|12.00|48.96|0.00|0.00|0.00|0.00|0.00|0.00|
|C170|3|PROD001|PECA MECANICA TIPO A|28.03|UN|2364.95|5102|60|0.00|12.00|0.00|0.00|0.00|0.00|0.00|0.00|0.00|
|C100|1|0|98765432000188|55|00|000000299|000|01022024|01022024|14091.76|13197.90|1583.75|0.00|0.00|0.00|0.00|0.00|0.00|0.00|0|33366699000100|
|C170|1|PROD007|PARTE SOBRESSALENTE G|26.64|UN|4259.79|5403|10|3952.14|12.00|474.26|0.00|0.00|0.00|0.00|0.00|0.00|
|C170|2|PROD003|MATERIAL BRUTO C|31.04|UN|7570.83|5403|20|7206.00|12.00|864.72|0.00|0.00|0.00|0.00|0.00|0.00|
|C170|3|PROD003|MATERIAL BRUTO C|8.80|UN|2261.14|5403|10|2039.76|12.00|244.77|0.00|0.00|0.00|0.00|0.00|0.00|
|C100|1|0|98765432000188|55|00|000000300|000|24022024|25022024|484.66|0.00|0.00|0.00|0.00|0.00|0.00|0.00|0.00|0.00|0|22244466000133|
|C170|1|PROD007|PARTE SOBRESSALENTE G|2.14|UN|244.66|6101|41|0.00|12.00|0.00|0.00|0.00|0.00|0.00|0.00|0.00|
|C170|2|PROD006|EMBALAGEM PADRAO F|31.87|UN|240.00|6101|30|0.00|12.00|0.00|0.00|0.00|0.00|0.00|0.00|0.00|
|C100|1|0|98765432000188|55|00|000000301|000|24022024|25022024|561.02|0.00|0.00|0.00|0.00|0.00|0.00|0.00|0.00|0.00|0|22244466000133|
|C170|1|PROD005|INSUMO INDUSTRIAL E|18.99|UN|561.02|5403|50|0.00|12.00|0.00|0.00|0.00|0.00|0.00|0.00|0.00|
|C100|1|0|98765432000188|55|00|000000302|000|14022024|15022024|47763.62|41203.46|4944.42|0.00|0.00|0.00|0.00|0.00|0.00|0.00|0|77788899000177|
|C170|1|PROD008|CONJUNTO MONTADO H|49.69|UN|47763.62|5102|00|41203.46|12.00|4944.42|0.00|0.00|0.00|0.00|0.00|0.00|
|C100|1|0|98765432000188|55|00|000000303|000|28022024|29022024|27963.02|23449.02|2813.88|0.00|0.00|0.00|0.00|0.00|0.00|0.00|0|77788899000177|
|C170|1|PROD006|EMBALAGEM PADRAO F|5.68|UN|64.32|6102|00|63.77|12.00|7.65|0.00|0.00|0.00|0.00|0.00|0.00|
|C170|2|PROD008|CONJUNTO MONTADO H|24.36|UN|22809.37|6102|10|21775.98|12.00|2613.12|0.00|0.00|0.00|0.00|0.00|0.00|
|C170|3|PROD002|COMPONENTE ELETRICO B|25.96|UN|1743.27|6102|00|1609.27|12.00|193.11|0.00|0.00|0.00|0.00|0.00|0.00|
|C170|4|PROD003|MATERIAL BRUTO C|12.58|UN|3346.06|6102|40|0.00|12.00|0.00|0.00|0.00|0.00|0.00|0.00|0.00|
|C100|1|0|98765432000188|55|00|000000304|000|16022024|16022024|5151.86|4521.51|542.58|0.00|0.00|0.00|0.00|0.00|0.00|0.00|0|99900011000155|
|C170|1|PROD007|PARTE SOBRESSALENTE G|34.82|UN|5151.86|6101|00|4521.51|12.00|542.58|0.00|0.00|0.00|0.00|0.00|0.00|
|C100|1|0|98765432000188|55|00|000000305|000|18022024|18022024|3788.27|531.46|63.78|0.00|0.00|0.00|0.00|0.00|0.00|0.00|0|99900011000155|
|C170|1|PROD006|EMBALAGEM PADRAO F|49.24|UN|545.56|5102|10|531.46|12.00|63.78|0.00|0.00|0.00|0.00|0.00|0.00|
|C170|2|PROD007|PARTE SOBRESSALENTE G|23.19|UN|3242.71|5102|50|0.00|12.00|0.00|0.00|0.00|0.00|0.00|0.00|0.00|
|C100|1|0|98765432000188|55|00|000000306|000|26022024|29022024|11821.16|10994.69|1319.36|0.00|0.00|0.00|0.00|0.00|0.00|0.00|0|22244466000133|
|C170|1|PROD003|MATERIAL BRUTO C|19.79|UN|6746.07|5401|00|6282.26|12.00|753.87|0.00|0.00|0.00|0.00|0.00|0.00|
|C170|2|PROD002|COMPONENTE ELETRICO B|43.96|UN|1815.63|5401|00|1654.36|12.00|198.52|0.00|0.00|0.00|0.00|0.00|0.00|
|C170|3|PROD003|MATERIAL BRUTO C|13.56|UN|3259.46|5401|90|3058.07|12.00|366.97|0.00|0.00|0.00|0.00|0.00|0.00|
|C100|1|0|98765432000188|55|00|000000307|000|04022024|05022024|26220.51|25889.46|3106.74|0.00|0.00|0.00|0.00|0.00|0.00|0.00|0|22244466000133|
|C170|1|PROD004|PRODUTO ACABADO D|28.39|UN|26220.51|6101|10|25889.46|12.00|3106.74|0.00|0.00|0.00|0.00|0.00|0.00|
|C100|1|0|98765432000188|55|00|000000308|000|19022024|20022024|12816.90|7187.82|862.54|0.00|0.00|0.00|0.00|0.00|0.00|0.00|0|22244466000133|
|C170|1|PROD003|MATERIAL BRUTO C|26.42|UN|5885.22|6101|00|5338.90|12.00|640.67|0.00|0.00|0.00|0.00|0.00|0.00|
|C170|2|PROD001|PECA MECANICA TIPO A|48.74|UN|4198.81|6101|40|0.00|12.00|0.00|0.00|0.00|0.00|0.00|0.00|0.00|
|C170|3|PROD008|CONJUNTO MONTADO H|1.72|UN|2040.78|6101|20|1848.92|12.00|221.87|0.00|0.00|0.00|0.00|0.00|0.00|
|C170|4|PROD006|EMBALAGEM PADRAO F|25.27|UN|267.64|6101|41|0.00|12.00|0.00|0.00|0.00|0.00|0.00|0.00|0.00|
|C170|5|PROD005|INSUMO INDUSTRIAL E|13.03|UN|424.45|6101|40|0.00|12.00|0.00|0.00|0.00|0.00|0.00|0.00|0.00|
|C100|1|0|98765432000188|55|00|000000309|000|13022024|15022024|36807.80|20425.37|2451.04|0.00|0.00|0.00|0.00|0.00|0.00|0.00|0|33366699000100|
|C170|1|PROD008|CONJUNTO MONTADO H|31.06|UN|23337.50|6102|00|20425.37|12.00|2451.04|0.00|0.00|0.00|0.00|0.00|0.00|
|C170|2|PROD003|MATERIAL BRUTO C|26.91|UN|7861.13|6102|40|0.00|12.00|0.00|0.00|0.00|0.00|0.00|0.00|0.00|
|C170|3|PROD001|PECA MECANICA TIPO A|41.32|UN|4025.78|6102|70|0.00|12.00|0.00|0.00|0.00|0.00|0.00|0.00|0.00|
|C170|4|PROD005|INSUMO INDUSTRIAL E|44.59|UN|1583.39|6102|30|0.00|12.00|0.00|0.00|0.00|0.00|0.00|0.00|0.00|
|C100|1|0|98765432000188|55|00|000000310|000|25022024|25022024|3691.96|3550.49|426.06|0.00|0.00|0.00|0.00|0.00|0.00|0.00|0|22244466000133|
|C170|1|PROD001|PECA MECANICA TIPO A|44.90|UN|3691.96|6101|00|3550.49|12.00|426.06|0.00|0.00|0.00|0.00|0.00|0.00|
|C100|1|0|98765432000188|55|00|000000311|000|23022024|26022024|13473.70|13067.22|1568.06|0.00|0.00|0.00|0.00|0.00|0.00|0.00|0|77788899000177|
|C170|1|PROD007|PARTE SOBRESSALENTE G|2.44|UN|321.84|5101|90|305.54|12.00|36.66|0.00|0.00|0.00|0.00|0.00|0.00|
|C170|2|PROD004|PRODUTO ACABADO D|15.02|UN|13151.86|5101|00|12761.68|12.00|1531.40|0.00|0.00|0.00|0.00|0.00|0.00|
|C100|1|0|98765432000188|55|00|000000312|000|05022024|05022024|39439.73|30868.72|3704.25|0.00|0.00|0.00|0.00|0.00|0.00|0.00|0|22244466000133|
|C170|1|PROD004|PRODUTO ACABADO D|35.83|UN|35004.02|5102|51|30868.72|12.00|3704.25|0.00|0.00|0.00|0.00|0.00|0.00|
|C170|2|PROD007|PARTE SOBRESSALENTE G|28.39|UN|4435.71|5102|41|0.00|12.00|0.00|0.00|0.00|0.00|0.00|0.00|0.00|
|C100|1|0|98765432000188|55|00|000000313|000|23022024|23022024|15607.98|8444.54|1013.34|0.00|0.00|0.00|0.00|0.00|0.00|0.00|0|55512312300010|
|C170|1|PROD001|PECA MECANICA TIPO A|38.79|UN|4609.33|6102|40|0.00|12.00|0.00|0.00|0.00|0.00|0.00|0.00|0.00|
|C170|2|PROD003|MATERIAL BRUTO C|24.92|UN|8567.69|6102|10|8202.67|12.00|984.32|0.00|0.00|0.00|0.00|0.00|0.00|
|C170|3|PROD005|INSUMO INDUSTRIAL E|13.81|UN|250.93|6102|00|241.87|12.00|29.02|0.00|0.00|0.00|0.00|0.00|0.00|
|C170|4|PROD003|MATERIAL BRUTO C|2.61|UN|840.69|6102|50|0.00|12.00|0.00|0.00|0.00|0.00|0.00|0.00|0.00|
|C170|5|PROD002|COMPONENTE ELETRICO B|24.15|UN|1339.34|6102|40|0.00|12.00|0.00|0.00|0.00|0.00|0.00|0.00|0.00|
|C100|1|0|98765432000188|55|00|000000314|000|04022024|04022024|7740.49|6788.17|814.57|0.00|0.00|0.00|0.00|0.00|0.00|0.00|0|77788899000177|
|C170|1|PROD003|MATERIAL BRUTO C|3.81|UN|1152.88|5102|00|992.43|12.00|119.09|0.00|0.00|0.00|0.00|0.00|0.00|
|C170|2|PROD006|EMBALAGEM PADRAO F|26.86|UN|218.40|5102|41|0.00|12.00|0.00|0.00|0.00|0.00|0.00|0.00|0.00|
|C170|3|PROD003|MATERIAL BRUTO C|16.11|UN|4922.36|5102|51|4548.70|12.00|545.84|0.00|0.00|0.00|0.00|0.00|0.00|
|C170|4|PROD001|PECA MECANICA TIPO A|16.42|UN|1446.85|5102|00|1247.04|12.00|149.64|0.00|0.00|0.00|0.00|0.00|0.00|
|C100|1|0|98765432000188|55|00|000000315|000|20022024|21022024|11418.42|9912.41|1189.49|0.00|0.00|0.00|0.00|0.00|0.00|0.00|0|33366699000100|
|C170|1|PROD002|COMPONENTE ELETRICO B|43.41|UN|1702.07|5101|10|1588.01|12.00|190.56|0.00|0.00|0.00|0.00|0.00|0.00|
|C170|2|PROD007|PARTE SOBRESSALENTE G|28.75|UN|2322.54|5101|10|2007.90|12.00|240.95|0.00|0.00|0.00|0.00|0.00|0.00|
|C170|3|PROD001|PECA MECANICA TIPO A|3.08|UN|364.37|5101|50|0.00|12.00|0.00|0.00|0.00|0.00|0.00|0.00|0.00|
|C170|4|PROD003|MATERIAL BRUTO C|23.52|UN|7029.44|5101|00|6316.50|12.00|757.98|0.00|0.00|0.00|0.00|0.00|0.00|
|C100|1|0|98765432000188|55|00|000000316|000|13022024|14022024|3532.95|267.68|32.12|0.00|0.00|0.00|0.00|0.00|0.00|0.00|0|77788899000177|
|C170|1|PROD005|INSUMO INDUSTRIAL E|11.55|UN|313.26|5102|00|267.68|12.00|32.12|0.00|0.00|0.00|0.00|0.00|0.00|
|C170|2|PROD001|PECA MECANICA TIPO A|28.72|UN|3219.69|5102|60|0.00|12.00|0.00|0.00|0.00|0.00|0.00|0.00|0.00|
|C100|1|0|98765432000188|55|00|000000317|000|27022024|29022024|4222.45|4137.14|496.46|0.00|0.00|0.00|0.00|0.00|0.00|0.00|0|55512312300010|
|C170|1|PROD007|PARTE SOBRESSALENTE G|38.02|UN|4222.45|5101|10|4137.14|12.00|496.46|0.00|0.00|0.00|0.00|0.00|0.00|
|C100|1|0|98765432000188|55|00|000000318|000|27022024|01032024|44665.02|103.94|12.47|0.00|0.00|0.00|0.00|0.00|0.00|0.00|0|77788899000177|
|C170|1|PROD004|PRODUTO ACABADO D|14.84|UN|7763.30|5101|40|0.00|12.00|0.00|0.00|0.00|0.00|0.00|0.00|0.00|
|C170|2|PROD008|CONJUNTO MONTADO H|47.84|UN|33729.11|5101|40|0.00|12.00|0.00|0.00|0.00|0.00|0.00|0.00|0.00|
|C170|3|PROD002|COMPONENTE ELETRICO B|44.91|UN|3050.91|5101|60|0.00|12.00|0.00|0.00|0.00|0.00|0.00|0.00|0.00|
|C170|4|PROD006|EMBALAGEM PADRAO F|18.19|UN|121.70|5101|00|103.94|12.00|12.47|0.00|0.00|0.00|0.00|0.00|0.00|
|C100|1|0|98765432000188|55|00|000000319|000|23022024|24022024|6599.52|5249.97|630.00|0.00|0.00|0.00|0.00|0.00|0.00|0.00|0|22244466000133|
|C170|1|PROD003|MATERIAL BRUTO C|16.30|UN|5298.96|5403|00|5249.97|12.00|630.00|0.00|0.00|0.00|0.00|0.00|0.00|
|C170|2|PROD001|PECA MECANICA TIPO A|24.78|UN|1300.56|5403|60|0.00|12.00|0.00|0.00|0.00|0.00|0.00|0.00|0.00|
|C100|1|0|98765432000188|55|00|000000320|000|26022024|28022024|4055.21|1597.60|191.71|0.00|0.00|0.00|0.00|0.00|0.00|0.00|0|55512312300010|
|C170|1|PROD002|COMPONENTE ELETRICO B|29.99|UN|1630.67|5101|00|1597.60|12.00|191.71|0.00|0.00|0.00|0.00|0.00|0.00|
|C170|2|PROD002|COMPONENTE ELETRICO B|29.74|UN|2424.54|5101|41|0.00|12.00|0.00|0.00|0.00|0.00|0.00|0.00|0.00|
|C100|1|0|98765432000188|55|00|000000321|000|01022024|04022024|97.55|0.00|0.00|0.00|0.00|0.00|0.00|0.00|0.00|0.00|0|33366699000100|
|C170|1|PROD006|EMBALAGEM PADRAO F|10.88|UN|97.55|5401|40|0.00|12.00|0.00|0.00|0.00|0.00|0.00|0.00|0.00|
|C100|1|0|98765432000188|55|00|000000322|000|11022024|12022024|52533.02|45493.05|5459.17|0.00|0.00|0.00|0.00|0.00|0.00|0.00|0|22244466000133|
|C170|1|PROD001|PECA MECANICA TIPO A|18.73|UN|1301.19|5102|00|1125.76|12.00|135.09|0.00|0.00|0.00|0.00|0.00|0.00|
|C170|2|PROD007|PARTE SOBRESSALENTE G|16.68|UN|2007.92|5102|40|0.00|12.00|0.00|0.00|0.00|0.00|0.00|0.00|0.00|
|C170|3|PROD002|COMPONENTE ELETRICO B|2.36|UN|142.28|5102|00|123.96|12.00|14.88|0.00|0.00|0.00|0.00|0.00|0.00|
|C170|4|PROD008|CONJUNTO MONTADO H|19.48|UN|18554.85|5102|00|16634.65|12.00|1996.16|0.00|0.00|0.00|0.00|0.00|0.00|
|C170|5|PROD008|CONJUNTO MONTADO H|26.46|UN|30526.78|5102|00|27608.68|12.00|3313.04|0.00|0.00|0.00|0.00|0.00|0.00|
|C100|1|0|98765432000188|55|00|000000323|000|08022024|10022024|12932.99|5875.39|705.05|0.00|0.00|0.00|0.00|0.00|0.00|0.00|0|55512312300010|
|C170|1|PROD007|PARTE SOBRESSALENTE G|36.59|UN|5709.71|6102|10|5489.51|12.00|658.74|0.00|0.00|0.00|0.00|0.00|0.00|
|C170|2|PROD003|MATERIAL BRUTO C|32.50|UN|6785.79|6102|30|0.00|12.00|0.00|0.00|0.00|0.00|0.00|0.00|0.00|
|C170|3|PROD006|EMBALAGEM PADRAO F|38.38|UN|437.49|6102|00|385.88|12.00|46.31|0.00|0.00|0.00|0.00|0.00|0.00|
|C100|1|0|98765432000188|55|00|000000324|000|04022024|07022024|871.36|742.72|89.13|0.00|0.00|0.00|0.00|0.00|0.00|0.00|0|55512312300010|
|C170|1|PROD005|INSUMO INDUSTRIAL E|27.83|UN|871.36|5401|20|742.72|12.00|89.13|0.00|0.00|0.00|0.00|0.00|0.00|
|C100|1|0|98765432000188|55|00|000000325|000|04022024|07022024|16785.18|0.00|0.00|0.00|0.00|0.00|0.00|0.00|0.00|0.00|0|99900011000155|
|C170|1|PROD004|PRODUTO ACABADO D|17.83|UN|16785.18|5401|40|0.00|12.00|0.00|0.00|0.00|0.00|0.00|0.00|0.00|
|C100|1|0|98765432000188|55|00|000000326|000|13022024|16022024|13369.17|10384.19|1246.10|0.00|0.00|0.00|0.00|0.00|0.00|0.00|0|77788899000177|
|C170|1|PROD007|PARTE SOBRESSALENTE G|20.18|UN|1871.99|5403|00|1770.16|12.00|212.42|0.00|0.00|0.00|0.00|0.00|0.00|
|C170|2|PROD003|MATERIAL BRUTO C|26.25|UN|8972.90|5403|90|8614.03|12.00|1033.68|0.00|0.00|0.00|0.00|0.00|0.00|
|C170|3|PROD001|PECA MECANICA TIPO A|34.02|UN|2524.28|5403|30|0.00|12.00|0.00|0.00|0.00|0.00|0.00|0.00|0.00|
|C100|1|0|98765432000188|55|00|000000327|000|27022024|01032024|89.57|0.00|0.00|0.00|0.00|0.00|0.00|0.00|0.00|0.00|0|99900011000155|
|C170|1|PROD002|COMPONENTE ELETRICO B|1.17|UN|89.57|5102|70|0.00|12.00|0.00|0.00|0.00|0.00|0.00|0.00|0.00|
|C100|1|0|98765432000188|55|00|000000328|000|03022024|03022024|46011.38|27791.00|3334.92|0.00|0.00|0.00|0.00|0.00|0.00|0.00|0|22244466000133|
|C170|1|PROD007|PARTE SOBRESSALENTE G|15.47|UN|1550.29|5102|41|0.00|12.00|0.00|0.00|0.00|0.00|0.00|0.00|0.00|
|C170|2|PROD003|MATERIAL BRUTO C|36.41|UN|11162.39|5102|40|0.00|12.00|0.00|0.00|0.00|0.00|0.00|0.00|0.00|
|C170|3|PROD003|MATERIAL BRUTO C|6.63|UN|2229.56|5102|70|0.00|12.00|0.00|0.00|0.00|0.00|0.00|0.00|0.00|
|C170|4|PROD004|PRODUTO ACABADO D|46.95|UN|31069.14|5102|00|27791.00|12.00|3334.92|0.00|0.00|0.00|0.00|0.00|0.00|
|C100|1|0|98765432000188|55|00|000000329|000|12022024|14022024|132152.99|75009.87|9001.18|0.00|0.00|0.00|0.00|0.00|0.00|0.00|0|99900011000155|
|C170|1|PROD008|CONJUNTO MONTADO H|36.23|UN|34235.74|5101|20|34101.62|12.00|4092.19|0.00|0.00|0.00|0.00|0.00|0.00|
|C170|2|PROD001|PECA MECANICA TIPO A|21.81|UN|2491.37|5101|00|2285.49|12.00|274.26|0.00|0.00|0.00|0.00|0.00|0.00|
|C170|3|PROD006|EMBALAGEM PADRAO F|7.81|UN|52.96|5101|20|45.75|12.00|5.49|0.00|0.00|0.00|0.00|0.00|0.00|
|C170|4|PROD008|CONJUNTO MONTADO H|47.74|UN|53813.05|5101|40|0.00|12.00|0.00|0.00|0.00|0.00|0.00|0.00|0.00|
|C170|5|PROD008|CONJUNTO MONTADO H|47.08|UN|41559.87|5101|00|38577.01|12.00|4629.24|0.00|0.00|0.00|0.00|0.00|0.00|
|C100|1|0|98765432000188|55|00|000000330|000|23022024|26022024|3939.29|3565.61|427.88|0.00|0.00|0.00|0.00|0.00|0.00|0.00|0|33366699000100|
|C170|1|PROD004|PRODUTO ACABADO D|1.30|UN|831.89|6102|20|804.98|12.00|96.60|0.00|0.00|0.00|0.00|0.00|0.00|
|C170|2|PROD002|COMPONENTE ELETRICO B|1.62|UN|64.25|6102|00|57.73|12.00|6.93|0.00|0.00|0.00|0.00|0.00|0.00|
|C170|3|PROD002|COMPONENTE ELETRICO B|45.87|UN|3043.15|6102|00|2702.90|12.00|324.35|0.00|0.00|0.00|0.00|0.00|0.00|
|C100|1|0|98765432000188|55|00|000000331|000|15022024|18022024|3194.33|2910.62|349.27|0.00|0.00|0.00|0.00|0.00|0.00|0.00|0|55512312300010|
|C170|1|PROD005|INSUMO INDUSTRIAL E|17.98|UN|719.00|5102|20|639.83|12.00|76.78|0.00|0.00|0.00|0.00|0.00|0.00|
|C170|2|PROD008|CONJUNTO MONTADO H|2.55|UN|2475.33|5102|90|2270.79|12.00|272.49|0.00|0.00|0.00|0.00|0.00|0.00|
|C100|1|0|98765432000188|55|00|000000332|000|12022024|14022024|30446.83|0.00|0.00|0.00|0.00|0.00|0.00|0.00|0.00|0.00|0|55512312300010|
|C170|1|PROD005|INSUMO INDUSTRIAL E|31.07|UN|643.05|6101|50|0.00|12.00|0.00|0.00|0.00|0.00|0.00|0.00|0.00|
|C170|2|PROD004|PRODUTO ACABADO D|37.40|UN|29803.78|6101|60|0.00|12.00|0.00|0.00|0.00|0.00|0.00|0.00|0.00|
|C100|1|0|98765432000188|55|00|000000333|000|25022024|26022024|30249.58|13265.28|1591.83|0.00|0.00|0.00|0.00|0.00|0.00|0.00|0|55512312300010|
|C170|1|PROD006|EMBALAGEM PADRAO F|40.80|UN|427.14|6101|70|0.00|12.00|0.00|0.00|0.00|0.00|0.00|0.00|0.00|
|C170|2|PROD008|CONJUNTO MONTADO H|14.96|UN|13380.82|6101|20|13265.28|12.00|1591.83|0.00|0.00|0.00|0.00|0.00|0.00|
|C170|3|PROD004|PRODUTO ACABADO D|24.50|UN|15301.67|6101|40|0.00|12.00|0.00|0.00|0.00|0.00|0.00|0.00|0.00|
|C170|4|PROD001|PECA MECANICA TIPO A|18.43|UN|1139.95|6101|60|0.00|12.00|0.00|0.00|0.00|0.00|0.00|0.00|0.00|
|C100|1|0|98765432000188|55|00|000000334|000|09022024|11022024|579.28|577.91|69.35|0.00|0.00|0.00|0.00|0.00|0.00|0.00|0|99900011000155|
|C170|1|PROD006|EMBALAGEM PADRAO F|49.94|UN|579.28|5101|00|577.91|12.00|69.35|0.00|0.00|0.00|0.00|0.00|0.00|
|C100|1|0|98765432000188|55|00|000000335|000|19022024|20022024|55928.77|34799.38|4175.93|0.00|0.00|0.00|0.00|0.00|0.00|0.00|0|99900011000155|
|C170|1|PROD008|CONJUNTO MONTADO H|22.16|UN|15644.06|5401|30|0.00|12.00|0.00|0.00|0.00|0.00|0.00|0.00|0.00|
|C170|2|PROD008|CONJUNTO MONTADO H|31.80|UN|39287.48|5401|00|34799.38|12.00|4175.93|0.00|0.00|0.00|0.00|0.00|0.00|
|C170|3|PROD005|INSUMO INDUSTRIAL E|34.13|UN|652.96|5401|40|0.00|12.00|0.00|0.00|0.00|0.00|0.00|0.00|0.00|
|C170|4|PROD002|COMPONENTE ELETRICO B|7.91|UN|344.27|5401|70|0.00|12.00|0.00|0.00|0.00|0.00|0.00|0.00|0.00|
|C100|1|0|98765432000188|55|00|000000336|000|25022024|28022024|13687.77|5631.34|675.77|0.00|0.00|0.00|0.00|0.00|0.00|0.00|0|99900011000155|
|C170|1|PROD001|PECA MECANICA TIPO A|26.93|UN|2814.57|5401|00|2753.88|12.00|330.47|0.00|0.00|0.00|0.00|0.00|0.00|
|C170|2|PROD007|PARTE SOBRESSALENTE G|40.66|UN|5761.50|5401|60|0.00|12.00|0.00|0.00|0.00|0.00|0.00|0.00|0.00|
|C170|3|PROD001|PECA MECANICA TIPO A|42.66|UN|3144.90|5401|00|2877.46|12.00|345.30|0.00|0.00|0.00|0.00|0.00|0.00|
|C170|4|PROD007|PARTE SOBRESSALENTE G|11.75|UN|953.78|5401|40|0.00|12.00|0.00|0.00|0.00|0.00|0.00|0.00|0.00|
|C170|5|PROD007|PARTE SOBRESSALENTE G|12.02|UN|1013.02|5401|40|0.00|12.00|0.00|0.00|0.00|0.00|0.00|0.00|0.00|
|C100|1|0|98765432000188|55|00|000000337|000|10022024|10022024|21767.63|17515.61|2101.88|0.00|0.00|0.00|0.00|0.00|0.00|0.00|0|99900011000155|
|C170|1|PROD006|EMBALAGEM PADRAO F|34.74|UN|189.70|5101|51|164.75|12.00|19.77|0.00|0.00|0.00|0.00|0.00|0.00|
|C170|2|PROD004|PRODUTO ACABADO D|1.85|UN|937.30|5101|20|810.98|12.00|97.32|0.00|0.00|0.00|0.00|0.00|0.00|
|C170|3|PROD004|PRODUTO ACABADO D|23.45|UN|18501.28|5101|90|16539.88|12.00|1984.79|0.00|0.00|0.00|0.00|0.00|0.00|
|C170|4|PROD002|COMPONENTE ELETRICO B|45.65|UN|2139.35|5101|70|0.00|12.00|0.00|0.00|0.00|0.00|0.00|0.00|0.00|
|C100|1|0|98765432000188|55|00|000000338|000|01022024|04022024|13352.94|11765.13|1411.82|0.00|0.00|0.00|0.00|0.00|0.00|0.00|0|33366699000100|
|C170|1|PROD008|CONJUNTO MONTADO H|13.11|UN|13352.94|6101|20|11765.13|12.00|1411.82|0.00|0.00|0.00|0.00|0.00|0.00|
|C100|1|0|98765432000188|55|00|000000339|000|08022024|08022024|17596.24|6039.28|724.71|0.00|0.00|0.00|0.00|0.00|0.00|0.00|0|33366699000100|
|C170|1|PROD006|EMBALAGEM PADRAO F|30.81|UN|283.42|6102|20|247.86|12.00|29.74|0.00|0.00|0.00|0.00|0.00|0.00|
|C170|2|PROD003|MATERIAL BRUTO C|19.48|UN|6049.12|6102|00|5791.42|12.00|694.97|0.00|0.00|0.00|0.00|0.00|0.00|
|C170|3|PROD004|PRODUTO ACABADO D|11.70|UN|11263.70|6102|70|0.00|12.00|0.00|0.00|0.00|0.00|0.00|0.00|0.00|
|C100|1|0|98765432000188|55|00|000000340|000|25022024|25022024|28649.86|23296.19|2795.55|0.00|0.00|0.00|0.00|0.00|0.00|0.00|0|22244466000133|
|C170|1|PROD001|PECA MECANICA TIPO A|34.48|UN|4078.52|5102|60|0.00|12.00|0.00|0.00|0.00|0.00|0.00|0.00|0.00|
|C170|2|PROD006|EMBALAGEM PADRAO F|14.01|UN|137.32|5102|10|117.16|12.00|14.06|0.00|0.00|0.00|0.00|0.00|0.00|
|C170|3|PROD001|PECA MECANICA TIPO A|22.97|UN|1981.91|5102|51|1729.31|12.00|207.52|0.00|0.00|0.00|0.00|0.00|0.00|
|C170|4|PROD004|PRODUTO ACABADO D|29.29|UN|21771.82|5102|10|20776.31|12.00|2493.16|0.00|0.00|0.00|0.00|0.00|0.00|
|C170|5|PROD007|PARTE SOBRESSALENTE G|5.21|UN|680.29|5102|20|673.41|12.00|80.81|0.00|0.00|0.00|0.00|0.00|0.00|
|C100|1|0|98765432000188|55|00|000000341|000|19022024|19022024|1096.86|971.87|116.62|0.00|0.00|0.00|0.00|0.00|0.00|0.00|0|55512312300010|
|C170|1|PROD002|COMPONENTE ELETRICO B|14.13|UN|1096.86|5403|20|971.87|12.00|116.62|0.00|0.00|0.00|0.00|0.00|0.00|
|C100|1|0|98765432000188|55|00|000000342|000|24022024|25022024|2543.94|2243.56|269.22|0.00|0.00|0.00|0.00|0.00|0.00|0.00|0|33366699000100|
|C170|1|PROD005|INSUMO INDUSTRIAL E|48.53|UN|1416.56|5403|00|1265.11|12.00|151.81|0.00|0.00|0.00|0.00|0.00|0.00|
|C170|2|PROD001|PECA MECANICA TIPO A|10.23|UN|1127.38|5403|20|978.45|12.00|117.41|0.00|0.00|0.00|0.00|0.00|0.00|
|C100|1|0|98765432000188|55|00|000000343|000|24022024|25022024|2613.10|2572.65|308.72|0.00|0.00|0.00|0.00|0.00|0.00|0.00|0|22244466000133|
|C170|1|PROD001|PECA MECANICA TIPO A|37.28|UN|2613.10|5403|10|2572.65|12.00|308.72|0.00|0.00|0.00|0.00|0.00|0.00|
|C100|1|0|98765432000188|55|00|000000344|000|15022024|16022024|44405.34|43413.84|5209.66|0.00|0.00|0.00|0.00|0.00|0.00|0.00|0|55512312300010|
|C170|1|PROD005|INSUMO INDUSTRIAL E|16.29|UN|367.83|5401|90|364.06|12.00|43.69|0.00|0.00|0.00|0.00|0.00|0.00|
|C170|2|PROD008|CONJUNTO MONTADO H|39.88|UN|39574.51|5401|10|38997.00|12.00|4679.64|0.00|0.00|0.00|0.00|0.00|0.00|
|C170|3|PROD007|PARTE SOBRESSALENTE G|49.50|UN|4214.52|5401|00|3832.95|12.00|459.95|0.00|0.00|0.00|0.00|0.00|0.00|
|C170|4|PROD006|EMBALAGEM PADRAO F|27.16|UN|248.48|5401|20|219.83|12.00|26.38|0.00|0.00|0.00|0.00|0.00|0.00|
|C100|1|0|98765432000188|55|00|000000345|000|01022024|03022024|7459.19|3337.95|400.55|0.00|0.00|0.00|0.00|0.00|0.00|0.00|0|55512312300010|
|C170|1|PROD002|COMPONENTE ELETRICO B|49.77|UN|1777.96|5102|10|1626.90|12.00|195.23|0.00|0.00|0.00|0.00|0.00|0.00|
|C170|2|PROD001|PECA MECANICA TIPO A|26.43|UN|3112.99|5102|60|0.00|12.00|0.00|0.00|0.00|0.00|0.00|0.00|0.00|
|C170|3|PROD005|INSUMO INDUSTRIAL E|39.82|UN|881.57|5102|00|839.76|12.00|100.77|0.00|0.00|0.00|0.00|0.00|0.00|
|C170|4|PROD003|MATERIAL BRUTO C|2.85|UN|976.07|5102|00|871.29|12.00|104.55|0.00|0.00|0.00|0.00|0.00|0.00|
|C170|5|PROD005|INSUMO INDUSTRIAL E|20.70|UN|710.60|5102|40|0.00|12.00|0.00|0.00|0.00|0.00|0.00|0.00|0.00|
|C100|1|0|98765432000188|55|00|000000346|000|14022024|14022024|28229.83|26097.04|3131.64|0.00|0.00|0.00|0.00|0.00|0.00|0.00|0|77788899000177|
|C170|1|PROD003|MATERIAL BRUTO C|46.45|UN|14943.72|5403|20|14414.94|12.00|1729.79|0.00|0.00|0.00|0.00|0.00|0.00|
|C170|2|PROD004|PRODUTO ACABADO D|22.26|UN|13286.11|5403|00|11682.10|12.00|1401.85|0.00|0.00|0.00|0.00|0.00|0.00|
|C100|1|0|98765432000188|55|00|000000347|000|17022024|17022024|28218.98|25748.85|3089.87|0.00|0.00|0.00|0.00|0.00|0.00|0.00|0|55512312300010|
|C170|1|PROD008|CONJUNTO MONTADO H|37.48|UN|26415.29|5102|10|25028.22|12.00|3003.39|0.00|0.00|0.00|0.00|0.00|0.00|
|C170|2|PROD007|PARTE SOBRESSALENTE G|1.16|UN|176.30|5102|30|0.00|12.00|0.00|0.00|0.00|0.00|0.00|0.00|0.00|
|C170|3|PROD005|INSUMO INDUSTRIAL E|37.18|UN|835.87|5102|00|720.63|12.00|86.48|0.00|0.00|0.00|0.00|0.00|0.00|
|C170|4|PROD002|COMPONENTE ELETRICO B|15.03|UN|791.52|5102|40|0.00|12.00|0.00|0.00|0.00|0.00|0.00|0.00|0.00|
|C100|1|0|98765432000188|55|00|000000348|000|07022024|10022024|872.63|0.00|0.00|0.00|0.00|0.00|0.00|0.00|0.00|0.00|0|22244466000133|
|C170|1|PROD002|COMPONENTE ELETRICO B|12.46|UN|872.63|6101|40|0.00|12.00|0.00|0.00|0.00|0.00|0.00|0.00|0.00|
|C100|1|0|98765432000188|55|00|000000349|000|21022024|24022024|8300.69|7867.88|944.15|0.00|0.00|0.00|0.00|0.00|0.00|0.00|0|77788899000177|
|C170|1|PROD001|PECA MECANICA TIPO A|18.89|UN|1610.49|6102|00|1594.19|12.00|191.30|0.00|0.00|0.00|0.00|0.00|0.00|
|C170|2|PROD001|PECA MECANICA TIPO A|5.33|UN|414.83|6102|00|355.80|12.00|42.70|0.00|0.00|0.00|0.00|0.00|0.00|
|C170|3|PROD003|MATERIAL BRUTO C|12.69|UN|3496.18|6102|00|3352.47|12.00|402.30|0.00|0.00|0.00|0.00|0.00|0.00|
|C170|4|PROD002|COMPONENTE ELETRICO B|38.20|UN|2102.26|6102|00|1948.03|12.00|233.76|0.00|0.00|0.00|0.00|0.00|0.00|
|C170|5|PROD005|INSUMO INDUSTRIAL E|16.18|UN|676.93|6102|20|617.39|12.00|74.09|0.00|0.00|0.00|0.00|0.00|0.00|
|C100|1|0|98765432000188|55|00|000000350|000|17022024|17022024|4651.38|0.00|0.00|0.00|0.00|0.00|0.00|0.00|0.00|0.00|0|33366699000100|
|C170|1|PROD006|EMBALAGEM PADRAO F|24.56|UN|135.56|5101|30|0.00|12.00|0.00|0.00|0.00|0.00|0.00|0.00|0.00|
|C170|2|PROD002|COMPONENTE ELETRICO B|33.79|UN|1839.24|5101|40|0.00|12.00|0.00|0.00|0.00|0.00|0.00|0.00|0.00|
|C170|3|PROD001|PECA MECANICA TIPO A|30.48|UN|2676.58|5101|60|0.00|12.00|0.00|0.00|0.00|0.00|0.00|0.00|0.00|
|C100|1|0|98765432000188|55|00|000000351|000|08022024|08022024|47413.01|1627.83|195.34|0.00|0.00|0.00|0.00|0.00|0.00|0.00|0|99900011000155|
|C170|1|PROD008|CONJUNTO MONTADO H|39.57|UN|45599.28|6101|30|0.00|12.00|0.00|0.00|0.00|0.00|0.00|0.00|0.00|
|C170|2|PROD007|PARTE SOBRESSALENTE G|14.42|UN|1813.73|6101|00|1627.83|12.00|195.34|0.00|0.00|0.00|0.00|0.00|0.00|
|C100|1|0|98765432000188|55|00|000000352|000|19022024|20022024|2658.55|1284.56|154.15|0.00|0.00|0.00|0.00|0.00|0.00|0.00|0|22244466000133|
|C170|1|PROD001|PECA MECANICA TIPO A|15.72|UN|1349.52|5102|00|1284.56|12.00|154.15|0.00|0.00|0.00|0.00|0.00|0.00|
|C170|2|PROD002|COMPONENTE ELETRICO B|17.69|UN|1309.03|5102|40|0.00|12.00|0.00|0.00|0.00|0.00|0.00|0.00|0.00|
|C100|1|0|98765432000188|55|00|000000353|000|08022024|08022024|31629.24|30610.79|3673.30|0.00|0.00|0.00|0.00|0.00|0.00|0.00|0|77788899000177|
|C170|1|PROD004|PRODUTO ACABADO D|25.07|UN|24507.20|6102|00|24447.00|12.00|2933.64|0.00|0.00|0.00|0.00|0.00|0.00|
|C170|2|PROD001|PECA MECANICA TIPO A|42.59|UN|3803.20|6102|90|3378.38|12.00|405.41|0.00|0.00|0.00|0.00|0.00|0.00|
|C170|3|PROD006|EMBALAGEM PADRAO F|22.44|UN|267.92|6102|60|0.00|12.00|0.00|0.00|0.00|0.00|0.00|0.00|0.00|
|C170|4|PROD003|MATERIAL BRUTO C|8.77|UN|3050.92|6102|00|2785.41|12.00|334.25|0.00|0.00|0.00|0.00|0.00|0.00|
|C100|1|0|98765432000188|55|00|000000354|000|18022024|21022024|21282.40|14292.87|1715.14|0.00|0.00|0.00|0.00|0.00|0.00|0.00|0|33366699000100|
|C170|1|PROD003|MATERIAL BRUTO C|21.86|UN|4602.40|5401|60|0.00|12.00|0.00|0.00|0.00|0.00|0.00|0.00|0.00|
|C170|2|PROD002|COMPONENTE ELETRICO B|40.35|UN|1498.85|5401|20|1491.85|12.00|179.02|0.00|0.00|0.00|0.00|0.00|0.00|
|C170|3|PROD007|PARTE SOBRESSALENTE G|2.24|UN|253.86|5401|41|0.00|12.00|0.00|0.00|0.00|0.00|0.00|0.00|0.00|
|C170|4|PROD005|INSUMO INDUSTRIAL E|30.95|UN|1007.42|5401|10|866.32|12.00|103.96|0.00|0.00|0.00|0.00|0.00|0.00|
|C170|5|PROD008|CONJUNTO MONTADO H|12.77|UN|13919.87|5401|51|11934.70|12.00|1432.16|0.00|0.00|0.00|0.00|0.00|0.00|
|C100|1|0|98765432000188|55|00|000000355|000|25022024|28022024|203.41|199.98|24.00|0.00|0.00|0.00|0.00|0.00|0.00|0.00|0|33366699000100|
|C170|1|PROD006|EMBALAGEM PADRAO F|30.09|UN|203.41|5401|00|199.98|12.00|24.00|0.00|0.00|0.00|0.00|0.00|0.00|
|C100|1|0|98765432000188|55|00|000000356|000|23022024|24022024|19602.01|2569.62|308.35|0.00|0.00|0.00|0.00|0.00|0.00|0.00|0|22244466000133|
|C170|1|PROD004|PRODUTO ACABADO D|19.20|UN|16802.65|6102|60|0.00|12.00|0.00|0.00|0.00|0.00|0.00|0.00|0.00|
|C170|2|PROD007|PARTE SOBRESSALENTE G|25.85|UN|2799.36|6102|10|2569.62|12.00|308.35|0.00|0.00|0.00|0.00|0.00|0.00|
|C100|1|0|98765432000188|55|00|000000357|000|29022024|02032024|12998.96|116.53|13.98|0.00|0.00|0.00|0.00|0.00|0.00|0.00|0|22244466000133|
|C170|1|PROD006|EMBALAGEM PADRAO F|17.62|UN|117.00|6101|00|116.53|12.00|13.98|0.00|0.00|0.00|0.00|0.00|0.00|
|C170|2|PROD003|MATERIAL BRUTO C|46.51|UN|12881.96|6101|40|0.00|12.00|0.00|0.00|0.00|0.00|0.00|0.00|0.00|
|C100|1|0|98765432000188|55|00|000000358|000|10022024|12022024|54162.26|8335.04|1000.20|0.00|0.00|0.00|0.00|0.00|0.00|0.00|0|22244466000133|
|C170|1|PROD008|CONJUNTO MONTADO H|7.40|UN|6559.44|6101|00|5921.28|12.00|710.55|0.00|0.00|0.00|0.00|0.00|0.00|
|C170|2|PROD002|COMPONENTE ELETRICO B|42.52|UN|2436.53|6101|00|2115.11|12.00|253.81|0.00|0.00|0.00|0.00|0.00|0.00|
|C170|3|PROD005|INSUMO INDUSTRIAL E|24.49|UN|709.23|6101|40|0.00|12.00|0.00|0.00|0.00|0.00|0.00|0.00|0.00|
|C170|4|PROD008|CONJUNTO MONTADO H|39.69|UN|44105.91|6101|30|0.00|12.00|0.00|0.00|0.00|0.00|0.00|0.00|0.00|
|C170|5|PROD001|PECA MECANICA TIPO A|4.51|UN|351.15|6101|00|298.65|12.00|35.84|0.00|0.00|0.00|0.00|0.00|0.00|
|C100|1|0|98765432000188|55|00|000000359|000|15022024|18022024|4615.56|2947.60|353.71|0.00|0.00|0.00|0.00|0.00|0.00|0.00|0|77788899000177|
|C170|1|PROD005|INSUMO INDUSTRIAL E|41.87|UN|1202.03|5102|50|0.00|12.00|0.00|0.00|0.00|0.00|0.00|0.00|0.00|
|C170|2|PROD001|PECA MECANICA TIPO A|47.89|UN|3413.53|5102|20|2947.60|12.00|353.71|0.00|0.00|0.00|0.00|0.00|0.00|
|C100|1|0|98765432000188|55|00|000000360|000|14022024|14022024|23293.91|9929.13|1191.50|0.00|0.00|0.00|0.00|0.00|0.00|0.00|0|77788899000177|
|C170|1|PROD003|MATERIAL BRUTO C|42.81|UN|12508.93|6101|40|0.00|12.00|0.00|0.00|0.00|0.00|0.00|0.00|0.00|
|C170|2|PROD007|PARTE SOBRESSALENTE G|45.98|UN|3689.81|6101|20|3537.81|12.00|424.54|0.00|0.00|0.00|0.00|0.00|0.00|
|C170|3|PROD001|PECA MECANICA TIPO A|25.62|UN|2401.27|6101|00|2069.92|12.00|248.39|0.00|0.00|0.00|0.00|0.00|0.00|
|C170|4|PROD004|PRODUTO ACABADO D|7.27|UN|4693.90|6101|00|4321.40|12.00|518.57|0.00|0.00|0.00|0.00|0.00|0.00|
|C100|1|0|98765432000188|55|00|000000361|000|19022024|21022024|77683.06|16502.49|1980.30|0.00|0.00|0.00|0.00|0.00|0.00|0.00|0|33366699000100|
|C170|1|PROD008|CONJUNTO MONTADO H|19.30|UN|18434.58|5102|10|16502.49|12.00|1980.30|0.00|0.00|0.00|0.00|0.00|0.00|
|C170|2|PROD001|PECA MECANICA TIPO A|19.52|UN|1843.36|5102|40|0.00|12.00|0.00|0.00|0.00|0.00|0.00|0.00|0.00|
|C170|3|PROD008|CONJUNTO MONTADO H|48.66|UN|57405.12|5102|40|0.00|12.00|0.00|0.00|0.00|0.00|0.00|0.00|0.00|
|C100|1|0|98765432000188|55|00|000000362|000|26022024|28022024|1843.67|1765.43|211.85|0.00|0.00|0.00|0.00|0.00|0.00|0.00|0|55512312300010|
|C170|1|PROD007|PARTE SOBRESSALENTE G|17.53|UN|1843.67|5403|00|1765.43|12.00|211.85|0.00|0.00|0.00|0.00|0.00|0.00|
|C100|1|0|98765432000188|55|00|000000363|000|04022024|04022024|27675.97|15354.84|1842.58|0.00|0.00|0.00|0.00|0.00|0.00|0.00|0|33366699000100|
|C170|1|PROD001|PECA MECANICA TIPO A|6.71|UN|747.61|6101|50|0.00|12.00|0.00|0.00|0.00|0.00|0.00|0.00|0.00|
|C170|2|PROD001|PECA MECANICA TIPO A|43.21|UN|4157.09|6101|00|3582.97|12.00|429.96|0.00|0.00|0.00|0.00|0.00|0.00|
|C170|3|PROD004|PRODUTO ACABADO D|19.55|UN|9968.15|6101|40|0.00|12.00|0.00|0.00|0.00|0.00|0.00|0.00|0.00|
|C170|4|PROD004|PRODUTO ACABADO D|15.37|UN|12803.12|6101|10|11771.87|12.00|1412.62|0.00|0.00|0.00|0.00|0.00|0.00|
|C100|1|0|98765432000188|55|00|000000364|000|03022024|03022024|2449.80|0.00|0.00|0.00|0.00|0.00|0.00|0.00|0.00|0.00|0|99900011000155|
|C170|1|PROD002|COMPONENTE ELETRICO B|44.06|UN|2259.94|5401|40|0.00|12.00|0.00|0.00|0.00|0.00|0.00|0.00|0.00|
|C170|2|PROD006|EMBALAGEM PADRAO F|23.13|UN|189.86|5401|50|0.00|12.00|0.00|0.00|0.00|0.00|0.00|0.00|0.00|
|C100|1|0|98765432000188|55|00|000000365|000|09022024|12022024|57286.31|28758.18|3450.98|0.00|0.00|0.00|0.00|0.00|0.00|0.00|0|33366699000100|
|C170|1|PROD005|INSUMO INDUSTRIAL E|19.26|UN|411.46|5101|30|0.00|12.00|0.00|0.00|0.00|0.00|0.00|0.00|0.00|
|C170|2|PROD003|MATERIAL BRUTO C|8.71|UN|2565.54|5101|40|0.00|12.00|0.00|0.00|0.00|0.00|0.00|0.00|0.00|
|C170|3|PROD008|CONJUNTO MONTADO H|29.85|UN|29991.11|5101|20|28758.18|12.00|3450.98|0.00|0.00|0.00|0.00|0.00|0.00|
|C170|4|PROD004|PRODUTO ACABADO D|27.79|UN|24318.20|5101|70|0.00|12.00|0.00|0.00|0.00|0.00|0.00|0.00|0.00|
|C100|1|0|98765432000188|55|00|000000366|000|17022024|20022024|30760.55|29408.67|3529.04|0.00|0.00|0.00|0.00|0.00|0.00|0.00|0|55512312300010|
|C170|1|PROD005|INSUMO INDUSTRIAL E|11.93|UN|277.49|5401|20|249.75|12.00|29.97|0.00|0.00|0.00|0.00|0.00|0.00|
|C170|2|PROD003|MATERIAL BRUTO C|7.77|UN|2419.50|5401|00|2261.18|12.00|271.34|0.00|0.00|0.00|0.00|0.00|0.00|
|C170|3|PROD003|MATERIAL BRUTO C|12.82|UN|3428.66|5401|00|2999.07|12.00|359.89|0.00|0.00|0.00|0.00|0.00|0.00|
|C170|4|PROD001|PECA MECANICA TIPO A|33.09|UN|3725.28|5401|00|3178.79|12.00|381.45|0.00|0.00|0.00|0.00|0.00|0.00|
|C170|5|PROD004|PRODUTO ACABADO D|32.68|UN|20909.62|5401|00|20719.88|12.00|2486.39|0.00|0.00|0.00|0.00|0.00|0.00|
|C100|1|0|98765432000188|55|00|000000367|000|03022024|04022024|36409.67|610.78|73.29|0.00|0.00|0.00|0.00|0.00|0.00|0.00|0|77788899000177|
|C170|1|PROD003|MATERIAL BRUTO C|2.50|UN|514.73|5401|00|468.49|12.00|56.22|0.00|0.00|0.00|0.00|0.00|0.00|
|C170|2|PROD004|PRODUTO ACABADO D|39.30|UN|35733.52|5401|40|0.00|12.00|0.00|0.00|0.00|0.00|0.00|0.00|0.00|
|C170|3|PROD005|INSUMO INDUSTRIAL E|7.42|UN|161.42|5401|10|142.29|12.00|17.07|0.00|0.00|0.00|0.00|0.00|0.00|
|C100|1|0|98765432000188|55|00|000000368|000|12022024|15022024|19981.01|917.90|110.15|0.00|0.00|0.00|0.00|0.00|0.00|0.00|0|22244466000133|
|C170|1|PROD004|PRODUTO ACABADO D|34.37|UN|18985.99|6101|41|0.00|12.00|0.00|0.00|0.00|0.00|0.00|0.00|0.00|
|C170|2|PROD001|PECA MECANICA TIPO A|14.96|UN|995.02|6101|20|917.90|12.00|110.15|0.00|0.00|0.00|0.00|0.00|0.00|
|C100|1|0|98765432000188|55|00|000000369|000|16022024|18022024|122.09|111.05|13.33|0.00|0.00|0.00|0.00|0.00|0.00|0.00|0|22244466000133|
|C170|1|PROD006|EMBALAGEM PADRAO F|7.50|UN|83.14|6101|10|73.39|12.00|8.81|0.00|0.00|0.00|0.00|0.00|0.00|
|C170|2|PROD006|EMBALAGEM PADRAO F|4.90|UN|38.95|6101|10|37.66|12.00|4.52|0.00|0.00|0.00|0.00|0.00|0.00|
|C100|1|0|98765432000188|55|00|000000370|000|04022024|05022024|21886.73|10618.00|1274.16|0.00|0.00|0.00|0.00|0.00|0.00|0.00|0|99900011000155|
|C170|1|PROD003|MATERIAL BRUTO C|44.29|UN|10702.84|5101|00|9996.16|12.00|1199.54|0.00|0.00|0.00|0.00|0.00|0.00|
|C170|2|PROD003|MATERIAL BRUTO C|37.10|UN|8189.90|5101|50|0.00|12.00|0.00|0.00|0.00|0.00|0.00|0.00|0.00|
|C170|3|PROD001|PECA MECANICA TIPO A|22.90|UN|2060.73|5101|70|0.00|12.00|0.00|0.00|0.00|0.00|0.00|0.00|0.00|
|C170|4|PROD002|COMPONENTE ELETRICO B|12.54|UN|644.41|5101|20|621.84|12.00|74.62|0.00|0.00|0.00|0.00|0.00|0.00|
|C170|5|PROD006|EMBALAGEM PADRAO F|26.52|UN|288.85|5101|40|0.00|12.00|0.00|0.00|0.00|0.00|0.00|0.00|0.00|
|C100|1|0|98765432000188|55|00|000000371|000|13022024|13022024|19686.49|17319.21|2078.30|0.00|0.00|0.00|0.00|0.00|0.00|0.00|0|99900011000155|
|C170|1|PROD005|INSUMO INDUSTRIAL E|15.55|UN|459.78|6101|00|431.10|12.00|51.73|0.00|0.00|0.00|0.00|0.00|0.00|
|C170|2|PROD002|COMPONENTE ELETRICO B|37.55|UN|2983.19|6101|00|2559.40|12.00|307.13|0.00|0.00|0.00|0.00|0.00|0.00|
|C170|3|PROD008|CONJUNTO MONTADO H|14.79|UN|13366.92|6101|20|11735.34|12.00|1408.24|0.00|0.00|0.00|0.00|0.00|0.00|
|C170|4|PROD008|CONJUNTO MONTADO H|3.61|UN|2876.60|6101|10|2593.37|12.00|311.20|0.00|0.00|0.00|0.00|0.00|0.00|
|C100|1|0|98765432000188|55|00|000000372|000|16022024|19022024|499.29|459.99|55.20|0.00|0.00|0.00|0.00|0.00|0.00|0.00|0|77788899000177|
|C170|1|PROD005|INSUMO INDUSTRIAL E|13.38|UN|499.29|5101|00|459.99|12.00|55.20|0.00|0.00|0.00|0.00|0.00|0.00|
|C100|1|0|98765432000188|55|00|000000373|000|15022024|17022024|13819.59|1819.10|218.29|0.00|0.00|0.00|0.00|0.00|0.00|0.00|0|55512312300010|
|C170|1|PROD002|COMPONENTE ELETRICO B|27.76|UN|2331.65|5101|70|0.00|12.00|0.00|0.00|0.00|0.00|0.00|0.00|0.00|
|C170|2|PROD001|PECA MECANICA TIPO A|2.52|UN|181.34|5101|30|0.00|12.00|0.00|0.00|0.00|0.00|0.00|0.00|0.00|
|C170|3|PROD003|MATERIAL BRUTO C|30.32|UN|9198.18|5101|40|0.00|12.00|0.00|0.00|0.00|0.00|0.00|0.00|0.00|
|C170|4|PROD007|PARTE SOBRESSALENTE G|1.91|UN|252.71|5101|10|233.56|12.00|28.03|0.00|0.00|0.00|0.00|0.00|0.00|
|C170|5|PROD002|COMPONENTE ELETRICO B|23.49|UN|1855.71|5101|20|1585.54|12.00|190.26|0.00|0.00|0.00|0.00|0.00|0.00|
|C100|1|0|98765432000188|55|00|000000374|000|19022024|20022024|97541.03|0.00|0.00|0.00|0.00|0.00|0.00|0.00|0.00|0.00|0|77788899000177|
|C170|1|PROD008|CONJUNTO MONTADO H|47.48|UN|61072.10|6101|70|0.00|12.00|0.00|0.00|0.00|0.00|0.00|0.00|0.00|
|C170|2|PROD004|PRODUTO ACABADO D|49.99|UN|36468.93|6101|41|0.00|12.00|0.00|0.00|0.00|0.00|0.00|0.00|0.00|
|C100|1|0|98765432000188|55|00|000000375|000|27022024|28022024|21990.36|21037.06|2524.44|0.00|0.00|0.00|0.00|0.00|0.00|0.00|0|22244466000133|
|C170|1|PROD007|PARTE SOBRESSALENTE G|36.83|UN|5110.94|5101|51|4659.51|12.00|559.14|0.00|0.00|0.00|0.00|0.00|0.00|
|C170|2|PROD001|PECA MECANICA TIPO A|20.78|UN|1377.36|5101|00|1286.81|12.00|154.42|0.00|0.00|0.00|0.00|0.00|0.00|
|C170|3|PROD004|PRODUTO ACABADO D|11.17|UN|8451.90|5101|00|8373.87|12.00|1004.86|0.00|0.00|0.00|0.00|0.00|0.00|
|C170|4|PROD004|PRODUTO ACABADO D|7.98|UN|7050.16|5101|00|6716.87|12.00|806.02|0.00|0.00|0.00|0.00|0.00|0.00|
|C100|1|0|98765432000188|55|00|000000376|000|17022024|20022024|515.67|0.00|0.00|0.00|0.00|0.00|0.00|0.00|0.00|0.00|0|99900011000155|
|C170|1|PROD005|INSUMO INDUSTRIAL E|20.72|UN|515.67|5401|50|0.00|12.00|0.00|0.00|0.00|0.00|0.00|0.00|0.00|
|C100|1|0|98765432000188|55|00|000000377|000|16022024|19022024|20745.63|2864.30|343.72|0.00|0.00|0.00|0.00|0.00|0.00|0.00|0|99900011000155|
|C170|1|PROD002|COMPONENTE ELETRICO B|40.34|UN|3023.08|5101|90|2864.30|12.00|343.72|0.00|0.00|0.00|0.00|0.00|0.00|
|C170|2|PROD003|MATERIAL BRUTO C|15.08|UN|3313.55|5101|40|0.00|12.00|0.00|0.00|0.00|0.00|0.00|0.00|0.00|
|C170|3|PROD008|CONJUNTO MONTADO H|19.63|UN|14409.00|5101|30|0.00|12.00|0.00|0.00|0.00|0.00|0.00|0.00|0.00|
|C100|1|0|98765432000188|55|00|000000378|000|28022024|28022024|6966.69|5931.35|711.76|0.00|0.00|0.00|0.00|0.00|0.00|0.00|0|55512312300010|
|C170|1|PROD007|PARTE SOBRESSALENTE G|44.94|UN|6895.14|6102|00|5870.33|12.00|704.44|0.00|0.00|0.00|0.00|0.00|0.00|
|C170|2|PROD005|INSUMO INDUSTRIAL E|2.15|UN|71.55|6102|00|61.02|12.00|7.32|0.00|0.00|0.00|0.00|0.00|0.00|
|C100|1|0|98765432000188|55|00|000000379|000|28022024|02032024|5125.29|0.00|0.00|0.00|0.00|0.00|0.00|0.00|0.00|0.00|0|77788899000177|
|C170|1|PROD003|MATERIAL BRUTO C|18.39|UN|5125.29|5401|40|0.00|12.00|0.00|0.00|0.00|0.00|0.00|0.00|0.00|
|C100|1|0|98765432000188|55|00|000000380|000|02022024|02022024|42317.55|1692.99|203.16|0.00|0.00|0.00|0.00|0.00|0.00|0.00|0|99900011000155|
|C170|1|PROD002|COMPONENTE ELETRICO B|15.72|UN|1292.90|5101|60|0.00|12.00|0.00|0.00|0.00|0.00|0.00|0.00|0.00|
|C170|2|PROD002|COMPONENTE ELETRICO B|7.02|UN|331.51|5101|20|307.34|12.00|36.88|0.00|0.00|0.00|0.00|0.00|0.00|
|C170|3|PROD001|PECA MECANICA TIPO A|14.08|UN|1493.82|5101|20|1385.65|12.00|166.28|0.00|0.00|0.00|0.00|0.00|0.00|
|C170|4|PROD008|CONJUNTO MONTADO H|48.83|UN|37364.37|5101|50|0.00|12.00|0.00|0.00|0.00|0.00|0.00|0.00|0.00|
|C170|5|PROD002|COMPONENTE ELETRICO B|24.54|UN|1834.95|5101|40|0.00|12.00|0.00|0.00|0.00|0.00|0.00|0.00|0.00|
|C100|1|0|98765432000188|55|00|000000381|000|24022024|25022024|3559.67|501.69|60.20|0.00|0.00|0.00|0.00|0.00|0.00|0.00|0|99900011000155|
|C170|1|PROD002|COMPONENTE ELETRICO B|46.99|UN|3001.04|5102|60|0.00|12.00|0.00|0.00|0.00|0.00|0.00|0.00|0.00|
|C170|2|PROD003|MATERIAL BRUTO C|1.98|UN|558.63|5102|00|501.69|12.00|60.20|0.00|0.00|0.00|0.00|0.00|0.00|
|C100|1|0|98765432000188|55|00|000000382|000|13022024|13022024|57175.64|51781.40|6213.77|0.00|0.00|0.00|0.00|0.00|0.00|0.00|0|22244466000133|
|C170|1|PROD008|CONJUNTO MONTADO H|45.78|UN|56767.72|5403|00|51781.40|12.00|6213.77|0.00|0.00|0.00|0.00|0.00|0.00|
|C170|2|PROD007|PARTE SOBRESSALENTE G|4.20|UN|407.92|5403|30|0.00|12.00|0.00|0.00|0.00|0.00|0.00|0.00|0.00|
|C100|1|0|98765432000188|55|00|000000383|000|21022024|24022024|11437.80|9833.62|1180.04|0.00|0.00|0.00|0.00|0.00|0.00|0.00|0|55512312300010|
|C170|1|PROD006|EMBALAGEM PADRAO F|7.89|UN|53.55|5102|90|48.49|12.00|5.82|0.00|0.00|0.00|0.00|0.00|0.00|
|C170|2|PROD003|MATERIAL BRUTO C|44.77|UN|11384.25|5102|20|9785.13|12.00|1174.22|0.00|0.00|0.00|0.00|0.00|0.00|
|C100|1|0|98765432000188|55|00|000000384|000|08022024|10022024|6511.37|2475.10|297.01|0.00|0.00|0.00|0.00|0.00|0.00|0.00|0|55512312300010|
|C170|1|PROD004|PRODUTO ACABADO D|4.73|UN|3731.78|6102|50|0.00|12.00|0.00|0.00|0.00|0.00|0.00|0.00|0.00|
|C170|2|PROD002|COMPONENTE ELETRICO B|26.14|UN|1032.71|6102|90|1016.94|12.00|122.03|0.00|0.00|0.00|0.00|0.00|0.00|
|C170|3|PROD003|MATERIAL BRUTO C|6.61|UN|1620.01|6102|00|1458.16|12.00|174.98|0.00|0.00|0.00|0.00|0.00|0.00|
|C170|4|PROD006|EMBALAGEM PADRAO F|11.39|UN|126.87|6102|40|0.00|12.00|0.00|0.00|0.00|0.00|0.00|0.00|0.00|
|C100|1|0|98765432000188|55|00|000000385|000|11022024|14022024|28616.15|22755.79|2730.69|0.00|0.00|0.00|0.00|0.00|0.00|0.00|0|77788899000177|
|C170|1|PROD006|EMBALAGEM PADRAO F|26.05|UN|282.62|5102|00|280.81|12.00|33.70|0.00|0.00|0.00|0.00|0.00|0.00|
|C170|2|PROD004|PRODUTO ACABADO D|25.83|UN|24928.91|5102|20|22435.12|12.00|2692.21|0.00|0.00|0.00|0.00|0.00|0.00|
|C170|3|PROD006|EMBALAGEM PADRAO F|4.58|UN|46.54|5102|00|39.86|12.00|4.78|0.00|0.00|0.00|0.00|0.00|0.00|
|C170|4|PROD001|PECA MECANICA TIPO A|33.96|UN|3168.13|5102|30|0.00|12.00|0.00|0.00|0.00|0.00|0.00|0.00|0.00|
|C170|5|PROD006|EMBALAGEM PADRAO F|37.03|UN|189.95|5102|40|0.00|12.00|0.00|0.00|0.00|0.00|0.00|0.00|0.00|
|C100|1|0|98765432000188|55|00|000000386|000|29022024|01032024|24226.85|2665.06|319.81|0.00|0.00|0.00|0.00|0.00|0.00|0.00|0|99900011000155|
|C170|1|PROD001|PECA MECANICA TIPO A|38.67|UN|3064.45|6102|10|2665.06|12.00|319.81|0.00|0.00|0.00|0.00|0.00|0.00|
|C170|2|PROD003|MATERIAL BRUTO C|20.67|UN|4206.33|6102|40|0.00|12.00|0.00|0.00|0.00|0.00|0.00|0.00|0.00|
|C170|3|PROD008|CONJUNTO MONTADO H|22.11|UN|16956.07|6102|70|0.00|12.00|0.00|0.00|0.00|0.00|0.00|0.00|0.00|
|C100|1|0|98765432000188|55|00|000000387|000|25022024|28022024|3999.41|1687.44|202.49|0.00|0.00|0.00|0.00|0.00|0.00|0.00|0|33366699000100|
|C170|1|PROD002|COMPONENTE ELETRICO B|27.22|UN|1383.42|5102|00|1334.41|12.00|160.13|0.00|0.00|0.00|0.00|0.00|0.00|
|C170|2|PROD002|COMPONENTE ELETRICO B|39.35|UN|1767.82|5102|50|0.00|12.00|0.00|0.00|0.00|0.00|0.00|0.00|0.00|
|C170|3|PROD001|PECA MECANICA TIPO A|7.26|UN|371.25|5102|10|353.03|12.00|42.36|0.00|0.00|0.00|0.00|0.00|0.00|
|C170|4|PROD001|PECA MECANICA TIPO A|4.00|UN|476.92|5102|41|0.00|12.00|0.00|0.00|0.00|0.00|0.00|0.00|0.00|
|C100|1|0|98765432000188|55|00|000000388|000|04022024|06022024|54785.98|52773.00|6332.76|0.00|0.00|0.00|0.00|0.00|0.00|0.00|0|77788899000177|
|C170|1|PROD005|INSUMO INDUSTRIAL E|10.26|UN|161.37|5101|00|155.54|12.00|18.66|0.00|0.00|0.00|0.00|0.00|0.00|
|C170|2|PROD002|COMPONENTE ELETRICO B|32.07|UN|2308.82|5101|00|2026.98|12.00|243.24|0.00|0.00|0.00|0.00|0.00|0.00|
|C170|3|PROD008|CONJUNTO MONTADO H|31.52|UN|41472.16|5101|00|40810.30|12.00|4897.24|0.00|0.00|0.00|0.00|0.00|0.00|
|C170|4|PROD003|MATERIAL BRUTO C|34.39|UN|10843.63|5101|10|9780.18|12.00|1173.62|0.00|0.00|0.00|0.00|0.00|0.00|
|C100|1|0|98765432000188|55|00|000000389|000|27022024|28022024|18789.74|3698.01|443.76|0.00|0.00|0.00|0.00|0.00|0.00|0.00|0|22244466000133|
|C170|1|PROD005|INSUMO INDUSTRIAL E|36.93|UN|995.24|6101|40|0.00|12.00|0.00|0.00|0.00|0.00|0.00|0.00|0.00|
|C170|2|PROD003|MATERIAL BRUTO C|41.88|UN|13466.42|6101|40|0.00|12.00|0.00|0.00|0.00|0.00|0.00|0.00|0.00|
|C170|3|PROD007|PARTE SOBRESSALENTE G|30.52|UN|4328.08|6101|00|3698.01|12.00|443.76|0.00|0.00|0.00|0.00|0.00|0.00|
|C100|1|0|98765432000188|55|00|000000390|000|03022024|05022024|71969.18|62814.34|7537.72|0.00|0.00|0.00|0.00|0.00|0.00|0.00|0|33366699000100|
|C170|1|PROD004|PRODUTO ACABADO D|34.26|UN|26438.79|5403|20|25352.32|12.00|3042.28|0.00|0.00|0.00|0.00|0.00|0.00|
|C170|2|PROD008|CONJUNTO MONTADO H|41.69|UN|36250.63|5403|20|31892.82|12.00|3827.14|0.00|0.00|0.00|0.00|0.00|0.00|
|C170|3|PROD007|PARTE SOBRESSALENTE G|34.42|UN|2949.79|5403|40|0.00|12.00|0.00|0.00|0.00|0.00|0.00|0.00|0.00|
|C170|4|PROD005|INSUMO INDUSTRIAL E|22.18|UN|549.08|5403|40|0.00|12.00|0.00|0.00|0.00|0.00|0.00|0.00|0.00|
|C170|5|PROD007|PARTE SOBRESSALENTE G|43.00|UN|5780.89|5403|00|5569.20|12.00|668.30|0.00|0.00|0.00|0.00|0.00|0.00|
|C100|1|0|98765432000188|55|00|000000391|000|27022024|01032024|13866.61|4346.06|521.53|0.00|0.00|0.00|0.00|0.00|0.00|0.00|0|55512312300010|
|C170|1|PROD007|PARTE SOBRESSALENTE G|37.58|UN|4930.97|5401|00|4346.06|12.00|521.53|0.00|0.00|0.00|0.00|0.00|0.00|
|C170|2|PROD002|COMPONENTE ELETRICO B|8.67|UN|307.56|5401|30|0.00|12.00|0.00|0.00|0.00|0.00|0.00|0.00|0.00|
|C170|3|PROD003|MATERIAL BRUTO C|32.30|UN|8628.08|5401|30|0.00|12.00|0.00|0.00|0.00|0.00|0.00|0.00|0.00|
|C100|1|0|98765432000188|55|00|000000392|000|02022024|02022024|20658.21|5068.32|608.20|0.00|0.00|0.00|0.00|0.00|0.00|0.00|0|33366699000100|
|C170|1|PROD001|PECA MECANICA TIPO A|49.09|UN|5569.22|6102|00|5068.32|12.00|608.20|0.00|0.00|0.00|0.00|0.00|0.00|
|C170|2|PROD003|MATERIAL BRUTO C|44.82|UN|15088.99|6102|60|0.00|12.00|0.00|0.00|0.00|0.00|0.00|0.00|0.00|
|C100|1|0|98765432000188|55|00|000000393|000|07022024|07022024|61981.79|55387.93|6646.55|0.00|0.00|0.00|0.00|0.00|0.00|0.00|0|33366699000100|
|C170|1|PROD007|PARTE SOBRESSALENTE G|10.32|UN|963.81|6102|00|910.19|12.00|109.22|0.00|0.00|0.00|0.00|0.00|0.00|
|C170|2|PROD008|CONJUNTO MONTADO H|13.52|UN|17938.19|6102|00|17082.72|12.00|2049.93|0.00|0.00|0.00|0.00|0.00|0.00|
|C170|3|PROD003|MATERIAL BRUTO C|12.54|UN|2698.70|6102|20|2661.83|12.00|319.42|0.00|0.00|0.00|0.00|0.00|0.00|
|C170|4|PROD008|CONJUNTO MONTADO H|32.98|UN|40381.09|6102|00|34733.19|12.00|4167.98|0.00|0.00|0.00|0.00|0.00|0.00|
|C100|1|0|98765432000188|55|00|000000394|000|25022024|26022024|50404.03|42783.96|5134.08|0.00|0.00|0.00|0.00|0.00|0.00|0.00|0|55512312300010|
|C170|1|PROD008|CONJUNTO MONTADO H|20.34|UN|25711.36|5403|00|22338.00|12.00|2680.56|0.00|0.00|0.00|0.00|0.00|0.00|
|C170|2|PROD005|INSUMO INDUSTRIAL E|22.24|UN|921.57|5403|41|0.00|12.00|0.00|0.00|0.00|0.00|0.00|0.00|0.00|
|C170|3|PROD008|CONJUNTO MONTADO H|20.22|UN|23531.48|5403|00|20235.71|12.00|2428.29|0.00|0.00|0.00|0.00|0.00|0.00|
|C170|4|PROD001|PECA MECANICA TIPO A|2.43|UN|239.62|5403|00|210.25|12.00|25.23|0.00|0.00|0.00|0.00|0.00|0.00|
|C100|1|0|98765432000188|55|00|000000395|000|14022024|16022024|208.07|0.00|0.00|0.00|0.00|0.00|0.00|0.00|0.00|0.00|0|33366699000100|
|C170|1|PROD005|INSUMO INDUSTRIAL E|6.21|UN|208.07|5102|60|0.00|12.00|0.00|0.00|0.00|0.00|0.00|0.00|0.00|
|C100|1|0|98765432000188|55|00|000000396|000|01022024|01022024|7417.40|5129.79|615.57|0.00|0.00|0.00|0.00|0.00|0.00|0.00|0|77788899000177|
|C170|1|PROD001|PECA MECANICA TIPO A|8.76|UN|786.65|5101|00|767.67|12.00|92.12|0.00|0.00|0.00|0.00|0.00|0.00|
|C170|2|PROD007|PARTE SOBRESSALENTE G|25.12|UN|2149.44|5101|40|0.00|12.00|0.00|0.00|0.00|0.00|0.00|0.00|0.00|
|C170|3|PROD002|COMPONENTE ELETRICO B|43.94|UN|3036.99|5101|00|3013.94|12.00|361.67|0.00|0.00|0.00|0.00|0.00|0.00|
|C170|4|PROD001|PECA MECANICA TIPO A|27.94|UN|1444.32|5101|00|1348.18|12.00|161.78|0.00|0.00|0.00|0.00|0.00|0.00|
|C100|1|0|98765432000188|55|00|000000397|000|04022024|07022024|1932.65|1067.06|128.05|0.00|0.00|0.00|0.00|0.00|0.00|0.00|0|77788899000177|
|C170|1|PROD002|COMPONENTE ELETRICO B|15.73|UN|1196.10|5403|00|1067.06|12.00|128.05|0.00|0.00|0.00|0.00|0.00|0.00|
|C170|2|PROD007|PARTE SOBRESSALENTE G|6.67|UN|736.55|5403|41|0.00|12.00|0.00|0.00|0.00|0.00|0.00|0.00|0.00|
|C100|1|0|98765432000188|55|00|000000398|000|14022024|17022024|25139.43|22090.61|2650.87|0.00|0.00|0.00|0.00|0.00|0.00|0.00|0|55512312300010|
|C170|1|PROD004|PRODUTO ACABADO D|27.05|UN|21556.42|6102|00|18718.24|12.00|2246.19|0.00|0.00|0.00|0.00|0.00|0.00|
|C170|2|PROD004|PRODUTO ACABADO D|6.78|UN|3583.01|6102|00|3372.37|12.00|404.68|0.00|0.00|0.00|0.00|0.00|0.00|
|C100|1|0|98765432000188|55|00|000000399|000|22022024|24022024|5729.02|429.16|51.50|0.00|0.00|0.00|0.00|0.00|0.00|0.00|0|99900011000155|
|C170|1|PROD007|PARTE SOBRESSALENTE G|23.35|UN|3240.61|5403|41|0.00|12.00|0.00|0.00|0.00|0.00|0.00|0.00|0.00|
|C170|2|PROD007|PARTE SOBRESSALENTE G|14.30|UN|1873.59|5403|40|0.00|12.00|0.00|0.00|0.00|0.00|0.00|0.00|0.00|
|C170|3|PROD006|EMBALAGEM PADRAO F|37.27|UN|327.23|5403|10|315.27|12.00|37.83|0.00|0.00|0.00|0.00|0.00|0.00|
|C170|4|PROD006|EMBALAGEM PADRAO F|23.04|UN|118.67|5403|00|113.89|12.00|13.67|0.00|0.00|0.00|0.00|0.00|0.00|
|C170|5|PROD006|EMBALAGEM PADRAO F|20.52|UN|168.92|5403|40|0.00|12.00|0.00|0.00|0.00|0.00|0.00|0.00|0.00|
|C100|1|0|98765432000188|55|00|000000400|000|25022024|27022024|45142.40|39632.70|4755.93|0.00|0.00|0.00|0.00|0.00|0.00|0.00|0|99900011000155|
|C170|1|PROD008|CONJUNTO MONTADO H|31.32|UN|40311.20|5403|00|39250.71|12.00|4710.09|0.00|0.00|0.00|0.00|0.00|0.00|
|C170|2|PROD007|PARTE SOBRESSALENTE G|24.67|UN|2531.00|5403|40|0.00|12.00|0.00|0.00|0.00|0.00|0.00|0.00|0.00|
|C170|3|PROD001|PECA MECANICA TIPO A|20.71|UN|1270.70|5403|41|0.00|12.00|0.00|0.00|0.00|0.00|0.00|0.00|0.00|
|C170|4|PROD005|INSUMO INDUSTRIAL E|27.36|UN|623.90|5403|50|0.00|12.00|0.00|0.00|0.00|0.00|0.00|0.00|0.00|
|C170|5|PROD005|INSUMO INDUSTRIAL E|10.49|UN|405.60|5403|00|381.99|12.00|45.84|0.00|0.00|0.00|0.00|0.00|0.00|
|C100|1|0|98765432000188|55|00|000000401|000|06022024|06022024|996.94|897.88|107.75|0.00|0.00|0.00|0.00|0.00|0.00|0.00|0|99900011000155|
|C170|1|PROD001|PECA MECANICA TIPO A|8.54|UN|996.94|5403|20|897.88|12.00|107.75|0.00|0.00|0.00|0.00|0.00|0.00|
|C100|1|0|98765432000188|55|00|000000402|000|12022024|13022024|86357.32|16089.52|1930.73|0.00|0.00|0.00|0.00|0.00|0.00|0.00|0|22244466000133|
|C170|1|PROD004|PRODUTO ACABADO D|7.84|UN|4221.41|6102|20|4106.54|12.00|492.78|0.00|0.00|0.00|0.00|0.00|0.00|
|C170|2|PROD003|MATERIAL BRUTO C|41.19|UN|12159.29|6102|00|11872.37|12.00|1424.68|0.00|0.00|0.00|0.00|0.00|0.00|
|C170|3|PROD006|EMBALAGEM PADRAO F|18.10|UN|111.31|6102|20|110.61|12.00|13.27|0.00|0.00|0.00|0.00|0.00|0.00|
|C170|4|PROD008|CONJUNTO MONTADO H|49.11|UN|67264.00|6102|40|0.00|12.00|0.00|0.00|0.00|0.00|0.00|0.00|0.00|
|C170|5|PROD002|COMPONENTE ELETRICO B|43.41|UN|2601.31|6102|60|0.00|12.00|0.00|0.00|0.00|0.00|0.00|0.00|0.00|
|C100|1|0|98765432000188|55|00|000000403|000|18022024|18022024|64551.98|4429.66|531.56|0.00|0.00|0.00|0.00|0.00|0.00|0.00|0|33366699000100|
|C170|1|PROD006|EMBALAGEM PADRAO F|2.01|UN|14.36|6101|51|12.34|12.00|1.48|0.00|0.00|0.00|0.00|0.00|0.00|
|C170|2|PROD008|CONJUNTO MONTADO H|49.10|UN|57786.68|6101|41|0.00|12.00|0.00|0.00|0.00|0.00|0.00|0.00|0.00|
|C170|3|PROD001|PECA MECANICA TIPO A|46.21|UN|2720.67|6101|00|2494.26|12.00|299.31|0.00|0.00|0.00|0.00|0.00|0.00|
|C170|4|PROD002|COMPONENTE ELETRICO B|35.42|UN|2068.65|6101|00|1923.06|12.00|230.77|0.00|0.00|0.00|0.00|0.00|0.00|
|C170|5|PROD003|MATERIAL BRUTO C|5.64|UN|1961.62|6101|40|0.00|12.00|0.00|0.00|0.00|0.00|0.00|0.00|0.00|
|C100|1|0|98765432000188|55|00|000000404|000|14022024|17022024|35589.09|34183.02|4101.97|0.00|0.00|0.00|0.00|0.00|0.00|0.00|0|22244466000133|
|C170|1|PROD002|COMPONENTE ELETRICO B|24.72|UN|1867.29|5102|20|1607.56|12.00|192.91|0.00|0.00|0.00|0.00|0.00|0.00|
|C170|2|PROD003|MATERIAL BRUTO C|23.15|UN|4652.52|5102|10|4241.05|12.00|508.93|0.00|0.00|0.00|0.00|0.00|0.00|
|C170|3|PROD008|CONJUNTO MONTADO H|32.59|UN|29069.28|5102|90|28334.41|12.00|3400.13|0.00|0.00|0.00|0.00|0.00|0.00|
|C100|1|0|98765432000188|55|00|000000405|000|10022024|13022024|27495.37|4445.69|533.49|0.00|0.00|0.00|0.00|0.00|0.00|0.00|0|55512312300010|
|C170|1|PROD007|PARTE SOBRESSALENTE G|28.89|UN|2753.89|5102|20|2744.39|12.00|329.33|0.00|0.00|0.00|0.00|0.00|0.00|
|C170|2|PROD007|PARTE SOBRESSALENTE G|17.80|UN|1875.80|5102|20|1701.30|12.00|204.16|0.00|0.00|0.00|0.00|0.00|0.00|
|C170|3|PROD004|PRODUTO ACABADO D|29.56|UN|22865.68|5102|40|0.00|12.00|0.00|0.00|0.00|0.00|0.00|0.00|0.00|
|C100|1|0|98765432000188|55|00|000000406|000|26022024|27022024|75902.80|18366.76|2204.01|0.00|0.00|0.00|0.00|0.00|0.00|0.00|0|22244466000133|
|C170|1|PROD003|MATERIAL BRUTO C|48.73|UN|14504.21|6102|40|0.00|12.00|0.00|0.00|0.00|0.00|0.00|0.00|0.00|
|C170|2|PROD004|PRODUTO ACABADO D|37.24|UN|19158.49|6102|00|18366.76|12.00|2204.01|0.00|0.00|0.00|0.00|0.00|0.00|
|C170|3|PROD008|CONJUNTO MONTADO H|44.21|UN|41869.52|6102|40|0.00|12.00|0.00|0.00|0.00|0.00|0.00|0.00|0.00|
|C170|4|PROD001|PECA MECANICA TIPO A|4.03|UN|325.34|6102|40|0.00|12.00|0.00|0.00|0.00|0.00|0.00|0.00|0.00|
|C170|5|PROD006|EMBALAGEM PADRAO F|4.76|UN|45.24|6102|41|0.00|12.00|0.00|0.00|0.00|0.00|0.00|0.00|0.00|
|C100|1|0|98765432000188|55|00|000000407|000|20022024|23022024|3417.38|3351.62|402.20|0.00|0.00|0.00|0.00|0.00|0.00|0.00|0|99900011000155|
|C170|1|PROD002|COMPONENTE ELETRICO B|16.04|UN|1284.88|6102|00|1230.48|12.00|147.66|0.00|0.00|0.00|0.00|0.00|0.00|
|C170|2|PROD001|PECA MECANICA TIPO A|21.51|UN|2132.50|6102|10|2121.14|12.00|254.54|0.00|0.00|0.00|0.00|0.00|0.00|
|C100|1|0|98765432000188|55|00|000000408|000|23022024|25022024|5721.23|5607.11|672.85|0.00|0.00|0.00|0.00|0.00|0.00|0.00|0|99900011000155|
|C170|1|PROD002|COMPONENTE ELETRICO B|38.91|UN|1363.23|6102|00|1313.49|12.00|157.62|0.00|0.00|0.00|0.00|0.00|0.00|
|C170|2|PROD007|PARTE SOBRESSALENTE G|34.49|UN|4358.00|6102|90|4293.62|12.00|515.23|0.00|0.00|0.00|0.00|0.00|0.00|
|C100|1|0|98765432000188|55|00|000000409|000|14022024|15022024|16826.07|2870.04|344.40|0.00|0.00|0.00|0.00|0.00|0.00|0.00|0|55512312300010|
|C170|1|PROD001|PECA MECANICA TIPO A|39.79|UN|2526.87|6101|90|2366.04|12.00|283.92|0.00|0.00|0.00|0.00|0.00|0.00|
|C170|2|PROD006|EMBALAGEM PADRAO F|3.84|UN|44.52|6101|40|0.00|12.00|0.00|0.00|0.00|0.00|0.00|0.00|0.00|
|C170|3|PROD006|EMBALAGEM PADRAO F|11.56|UN|133.15|6101|00|124.51|12.00|14.94|0.00|0.00|0.00|0.00|0.00|0.00|
|C170|4|PROD004|PRODUTO ACABADO D|20.96|UN|13718.82|6101|30|0.00|12.00|0.00|0.00|0.00|0.00|0.00|0.00|0.00|
|C170|5|PROD006|EMBALAGEM PADRAO F|34.93|UN|402.71|6101|20|379.49|12.00|45.54|0.00|0.00|0.00|0.00|0.00|0.00|
|C100|1|0|98765432000188|55|00|000000410|000|10022024|13022024|25252.79|5557.42|666.89|0.00|0.00|0.00|0.00|0.00|0.00|0.00|0|77788899000177|
|C170|1|PROD008|CONJUNTO MONTADO H|23.72|UN|19002.21|5102|50|0.00|12.00|0.00|0.00|0.00|0.00|0.00|0.00|0.00|
|C170|2|PROD003|MATERIAL BRUTO C|25.05|UN|6099.94|5102|00|5557.42|12.00|666.89|0.00|0.00|0.00|0.00|0.00|0.00|
|C170|3|PROD006|EMBALAGEM PADRAO F|25.49|UN|150.64|5102|40|0.00|12.00|0.00|0.00|0.00|0.00|0.00|0.00|0.00|
|C100|1|0|98765432000188|55|00|000000411|000|13022024|14022024|2064.17|1870.14|224.41|0.00|0.00|0.00|0.00|0.00|0.00|0.00|0|77788899000177|
|C170|1|PROD005|INSUMO INDUSTRIAL E|32.28|UN|992.96|6102|10|906.67|12.00|108.80|0.00|0.00|0.00|0.00|0.00|0.00|
|C170|2|PROD001|PECA MECANICA TIPO A|9.27|UN|924.04|6102|00|828.70|12.00|99.44|0.00|0.00|0.00|0.00|0.00|0.00|
|C170|3|PROD006|EMBALAGEM PADRAO F|13.98|UN|147.17|6102|10|134.77|12.00|16.17|0.00|0.00|0.00|0.00|0.00|0.00|
|C100|1|0|98765432000188|55|00|000000412|000|08022024|08022024|6648.15|2089.64|250.76|0.00|0.00|0.00|0.00|0.00|0.00|0.00|0|77788899000177|
|C170|1|PROD005|INSUMO INDUSTRIAL E|42.23|UN|1672.65|5102|10|1522.72|12.00|182.73|0.00|0.00|0.00|0.00|0.00|0.00|
|C170|2|PROD002|COMPONENTE ELETRICO B|14.03|UN|618.67|5102|00|566.92|12.00|68.03|0.00|0.00|0.00|0.00|0.00|0.00|
|C170|3|PROD007|PARTE SOBRESSALENTE G|43.49|UN|4356.83|5102|60|0.00|12.00|0.00|0.00|0.00|0.00|0.00|0.00|0.00|
|C100|1|0|98765432000188|55|00|000000413|000|14022024|16022024|3899.67|1086.24|130.35|0.00|0.00|0.00|0.00|0.00|0.00|0.00|0|22244466000133|
|C170|1|PROD007|PARTE SOBRESSALENTE G|20.65|UN|2660.65|6102|30|0.00|12.00|0.00|0.00|0.00|0.00|0.00|0.00|0.00|
|C170|2|PROD002|COMPONENTE ELETRICO B|17.22|UN|1239.02|6102|20|1086.24|12.00|130.35|0.00|0.00|0.00|0.00|0.00|0.00|
|C100|1|0|98765432000188|55|00|000000414|000|12022024|12022024|1314.98|0.00|0.00|0.00|0.00|0.00|0.00|0.00|0.00|0.00|0|22244466000133|
|C170|1|PROD002|COMPONENTE ELETRICO B|34.70|UN|1314.98|5403|40|0.00|12.00|0.00|0.00|0.00|0.00|0.00|0.00|0.00|
|C100|1|0|98765432000188|55|00|000000415|000|09022024|12022024|8567.93|3731.44|447.77|0.00|0.00|0.00|0.00|0.00|0.00|0.00|0|33366699000100|
|C170|1|PROD001|PECA MECANICA TIPO A|22.54|UN|2204.74|5101|40|0.00|12.00|0.00|0.00|0.00|0.00|0.00|0.00|0.00|
|C170|2|PROD001|PECA MECANICA TIPO A|47.80|UN|4011.43|5101|20|3731.44|12.00|447.77|0.00|0.00|0.00|0.00|0.00|0.00|
|C170|3|PROD007|PARTE SOBRESSALENTE G|26.36|UN|2351.76|5101|30|0.00|12.00|0.00|0.00|0.00|0.00|0.00|0.00|0.00|
|C100|1|0|98765432000188|55|00|000000416|000|04022024|05022024|9957.75|5050.75|606.09|0.00|0.00|0.00|0.00|0.00|0.00|0.00|0|77788899000177|
|C170|1|PROD001|PECA MECANICA TIPO A|15.02|UN|936.56|5403|60|0.00|12.00|0.00|0.00|0.00|0.00|0.00|0.00|0.00|
|C170|2|PROD005|INSUMO INDUSTRIAL E|39.28|UN|1565.11|5403|10|1397.71|12.00|167.73|0.00|0.00|0.00|0.00|0.00|0.00|
|C170|3|PROD002|COMPONENTE ELETRICO B|47.72|UN|3418.18|5403|30|0.00|12.00|0.00|0.00|0.00|0.00|0.00|0.00|0.00|
|C170|4|PROD003|MATERIAL BRUTO C|19.96|UN|4037.90|5403|00|3653.04|12.00|438.36|0.00|0.00|0.00|0.00|0.00|0.00|
|C100|1|0|98765432000188|55|00|000000417|000|10022024|10022024|41243.69|1829.71|219.57|0.00|0.00|0.00|0.00|0.00|0.00|0.00|0|77788899000177|
|C170|1|PROD006|EMBALAGEM PADRAO F|5.84|UN|55.51|5403|40|0.00|12.00|0.00|0.00|0.00|0.00|0.00|0.00|0.00|
|C170|2|PROD003|MATERIAL BRUTO C|6.35|UN|1893.36|5403|00|1829.71|12.00|219.57|0.00|0.00|0.00|0.00|0.00|0.00|
|C170|3|PROD004|PRODUTO ACABADO D|43.35|UN|33500.50|5403|40|0.00|12.00|0.00|0.00|0.00|0.00|0.00|0.00|0.00|
|C170|4|PROD007|PARTE SOBRESSALENTE G|44.45|UN|5794.32|5403|50|0.00|12.00|0.00|0.00|0.00|0.00|0.00|0.00|0.00|
|C100|1|0|98765432000188|55|00|000000418|000|27022024|28022024|32092.11|23382.83|2805.94|0.00|0.00|0.00|0.00|0.00|0.00|0.00|0|99900011000155|
|C170|1|PROD003|MATERIAL BRUTO C|23.48|UN|4953.91|5401|60|0.00|12.00|0.00|0.00|0.00|0.00|0.00|0.00|0.00|
|C170|2|PROD005|INSUMO INDUSTRIAL E|49.00|UN|1657.77|5401|60|0.00|12.00|0.00|0.00|0.00|0.00|0.00|0.00|0.00|
|C170|3|PROD008|CONJUNTO MONTADO H|19.87|UN|20894.13|5401|10|20353.76|12.00|2442.45|0.00|0.00|0.00|0.00|0.00|0.00|
|C170|4|PROD001|PECA MECANICA TIPO A|30.48|UN|3300.96|5401|00|3029.07|12.00|363.49|0.00|0.00|0.00|0.00|0.00|0.00|
|C170|5|PROD001|PECA MECANICA TIPO A|14.30|UN|1285.34|5401|70|0.00|12.00|0.00|0.00|0.00|0.00|0.00|0.00|0.00|
|C100|1|0|98765432000188|55|00|000000419|000|17022024|17022024|5056.92|1065.78|127.89|0.00|0.00|0.00|0.00|0.00|0.00|0.00|0|55512312300010|
|C170|1|PROD001|PECA MECANICA TIPO A|44.02|UN|3858.35|6102|40|0.00|12.00|0.00|0.00|0.00|0.00|0.00|0.00|0.00|
|C170|2|PROD007|PARTE SOBRESSALENTE G|9.16|UN|1198.57|6102|51|1065.78|12.00|127.89|0.00|0.00|0.00|0.00|0.00|0.00|
|C100|1|0|98765432000188|55|00|000000420|000|20022024|23022024|18695.65|758.38|91.00|0.00|0.00|0.00|0.00|0.00|0.00|0.00|0|55512312300010|
|C170|1|PROD006|EMBALAGEM PADRAO F|16.78|UN|180.34|5401|40|0.00|12.00|0.00|0.00|0.00|0.00|0.00|0.00|0.00|
|C170|2|PROD001|PECA MECANICA TIPO A|28.20|UN|3317.17|5401|30|0.00|12.00|0.00|0.00|0.00|0.00|0.00|0.00|0.00|
|C170|3|PROD006|EMBALAGEM PADRAO F|46.51|UN|310.23|5401|51|278.60|12.00|33.43|0.00|0.00|0.00|0.00|0.00|0.00|
|C170|4|PROD002|COMPONENTE ELETRICO B|9.74|UN|514.14|5401|90|479.78|12.00|57.57|0.00|0.00|0.00|0.00|0.00|0.00|
|C170|5|PROD004|PRODUTO ACABADO D|18.89|UN|14373.77|5401|40|0.00|12.00|0.00|0.00|0.00|0.00|0.00|0.00|0.00|
|C100|1|0|98765432000188|55|00|000000421|000|28022024|28022024|6627.58|4983.50|598.02|0.00|0.00|0.00|0.00|0.00|0.00|0.00|0|55512312300010|
|C170|1|PROD001|PECA MECANICA TIPO A|10.56|UN|925.88|5101|30|0.00|12.00|0.00|0.00|0.00|0.00|0.00|0.00|0.00|
|C170|2|PROD003|MATERIAL BRUTO C|20.47|UN|5701.70|5101|20|4983.50|12.00|598.02|0.00|0.00|0.00|0.00|0.00|0.00|
|C100|1|0|98765432000188|55|00|000000422|000|02022024|03022024|52345.84|13425.25|1611.03|0.00|0.00|0.00|0.00|0.00|0.00|0.00|0|77788899000177|
|C170|1|PROD001|PECA MECANICA TIPO A|21.78|UN|2214.26|5101|70|0.00|12.00|0.00|0.00|0.00|0.00|0.00|0.00|0.00|
|C170|2|PROD008|CONJUNTO MONTADO H|11.05|UN|13205.90|5101|20|13096.48|12.00|1571.58|0.00|0.00|0.00|0.00|0.00|0.00|
|C170|3|PROD005|INSUMO INDUSTRIAL E|20.19|UN|364.39|5101|00|328.77|12.00|39.45|0.00|0.00|0.00|0.00|0.00|0.00|
|C170|4|PROD008|CONJUNTO MONTADO H|48.92|UN|36561.29|5101|40|0.00|12.00|0.00|0.00|0.00|0.00|0.00|0.00|0.00|
|C100|1|0|98765432000188|55|00|000000423|000|02022024|05022024|31331.75|1130.54|135.66|0.00|0.00|0.00|0.00|0.00|0.00|0.00|0|99900011000155|
|C170|1|PROD004|PRODUTO ACABADO D|33.49|UN|30121.05|5101|40|0.00|12.00|0.00|0.00|0.00|0.00|0.00|0.00|0.00|
|C170|2|PROD002|COMPONENTE ELETRICO B|16.10|UN|1210.70|5101|00|1130.54|12.00|135.66|0.00|0.00|0.00|0.00|0.00|0.00|
|C100|1|0|98765432000188|55|00|000000424|000|11022024|12022024|67385.23|27755.88|3330.71|0.00|0.00|0.00|0.00|0.00|0.00|0.00|0|77788899000177|
|C170|1|PROD002|COMPONENTE ELETRICO B|41.18|UN|2339.14|5401|40|0.00|12.00|0.00|0.00|0.00|0.00|0.00|0.00|0.00|
|C170|2|PROD008|CONJUNTO MONTADO H|31.17|UN|29483.42|5401|00|27755.88|12.00|3330.71|0.00|0.00|0.00|0.00|0.00|0.00|
|C170|3|PROD002|COMPONENTE ELETRICO B|38.79|UN|2756.49|5401|70|0.00|12.00|0.00|0.00|0.00|0.00|0.00|0.00|0.00|
|C170|4|PROD005|INSUMO INDUSTRIAL E|18.61|UN|705.99|5401|30|0.00|12.00|0.00|0.00|0.00|0.00|0.00|0.00|0.00|
|C170|5|PROD008|CONJUNTO MONTADO H|23.32|UN|32100.19|5401|60|0.00|12.00|0.00|0.00|0.00|0.00|0.00|0.00|0.00|
|C100|1|0|98765432000188|55|00|000000425|000|09022024|12022024|290.57|0.00|0.00|0.00|0.00|0.00|0.00|0.00|0.00|0.00|0|77788899000177|
|C170|1|PROD006|EMBALAGEM PADRAO F|5.78|UN|46.43|6102|40|0.00|12.00|0.00|0.00|0.00|0.00|0.00|0.00|0.00|
|C170|2|PROD007|PARTE SOBRESSALENTE G|2.31|UN|244.14|6102|60|0.00|12.00|0.00|0.00|0.00|0.00|0.00|0.00|0.00|
|C100|1|0|98765432000188|55|00|000000426|000|12022024|13022024|6591.08|5405.12|648.61|0.00|0.00|0.00|0.00|0.00|0.00|0.00|0|22244466000133|
|C170|1|PROD005|INSUMO INDUSTRIAL E|36.26|UN|1132.73|5101|41|0.00|12.00|0.00|0.00|0.00|0.00|0.00|0.00|0.00|
|C170|2|PROD001|PECA MECANICA TIPO A|49.05|UN|5458.35|5101|51|5405.12|12.00|648.61|0.00|0.00|0.00|0.00|0.00|0.00|
|C100|1|0|98765432000188|55|00|000000427|000|03022024|06022024|14775.56|38.74|4.65|0.00|0.00|0.00|0.00|0.00|0.00|0.00|0|33366699000100|
|C170|1|PROD003|MATERIAL BRUTO C|45.91|UN|13416.95|5403|40|0.00|12.00|0.00|0.00|0.00|0.00|0.00|0.00|0.00|
|C170|2|PROD006|EMBALAGEM PADRAO F|5.70|UN|41.60|5403|00|38.74|12.00|4.65|0.00|0.00|0.00|0.00|0.00|0.00|
|C170|3|PROD006|EMBALAGEM PADRAO F|40.67|UN|363.59|5403|40|0.00|12.00|0.00|0.00|0.00|0.00|0.00|0.00|0.00|
|C170|4|PROD002|COMPONENTE ELETRICO B|6.93|UN|446.51|5403|30|0.00|12.00|0.00|0.00|0.00|0.00|0.00|0.00|0.00|
|C170|5|PROD005|INSUMO INDUSTRIAL E|17.52|UN|506.91|5403|30|0.00|12.00|0.00|0.00|0.00|0.00|0.00|0.00|0.00|
|C100|1|0|98765432000188|55|00|000000428|000|09022024|11022024|190.44|0.00|0.00|0.00|0.00|0.00|0.00|0.00|0.00|0.00|0|22244466000133|
|C170|1|PROD005|INSUMO INDUSTRIAL E|9.54|UN|190.44|5101|60|0.00|12.00|0.00|0.00|0.00|0.00|0.00|0.00|0.00|
|C100|1|0|98765432000188|55|00|000000429|000|13022024|15022024|46404.95|38707.34|4644.88|0.00|0.00|0.00|0.00|0.00|0.00|0.00|0|99900011000155|
|C170|1|PROD007|PARTE SOBRESSALENTE G|3.73|UN|489.23|6102|00|449.37|12.00|53.92|0.00|0.00|0.00|0.00|0.00|0.00|
|C170|2|PROD008|CONJUNTO MONTADO H|2.01|UN|2210.97|6102|20|2165.89|12.00|259.91|0.00|0.00|0.00|0.00|0.00|0.00|
|C170|3|PROD004|PRODUTO ACABADO D|48.26|UN|39360.82|6102|90|36092.08|12.00|4331.05|0.00|0.00|0.00|0.00|0.00|0.00|
|C170|4|PROD002|COMPONENTE ELETRICO B|34.59|UN|2289.15|6102|40|0.00|12.00|0.00|0.00|0.00|0.00|0.00|0.00|0.00|
|C170|5|PROD001|PECA MECANICA TIPO A|17.18|UN|2054.78|6102|60|0.00|12.00|0.00|0.00|0.00|0.00|0.00|0.00|0.00|
|C100|1|0|98765432000188|55|00|000000430|000|28022024|02032024|221.69|0.00|0.00|0.00|0.00|0.00|0.00|0.00|0.00|0.00|0|33366699000100|
|C170|1|PROD006|EMBALAGEM PADRAO F|27.82|UN|221.69|6101|40|0.00|12.00|0.00|0.00|0.00|0.00|0.00|0.00|0.00|
|C100|1|0|98765432000188|55|00|000000431|000|01022024|01022024|21703.83|18928.14|2271.38|0.00|0.00|0.00|0.00|0.00|0.00|0.00|0|55512312300010|
|C170|1|PROD001|PECA MECANICA TIPO A|15.38|UN|1463.64|5401|40|0.00|12.00|0.00|0.00|0.00|0.00|0.00|0.00|0.00|
|C170|2|PROD007|PARTE SOBRESSALENTE G|39.45|UN|5297.09|5401|00|5275.71|12.00|633.09|0.00|0.00|0.00|0.00|0.00|0.00|
|C170|3|PROD004|PRODUTO ACABADO D|17.90|UN|13868.20|5401|00|13652.43|12.00|1638.29|0.00|0.00|0.00|0.00|0.00|0.00|
|C170|4|PROD002|COMPONENTE ELETRICO B|22.98|UN|864.78|5401|40|0.00|12.00|0.00|0.00|0.00|0.00|0.00|0.00|0.00|
|C170|5|PROD006|EMBALAGEM PADRAO F|39.27|UN|210.12|5401|70|0.00|12.00|0.00|0.00|0.00|0.00|0.00|0.00|0.00|
|C100|1|0|98765432000188|55|00|000000432|000|23022024|26022024|37760.60|28676.19|3441.15|0.00|0.00|0.00|0.00|0.00|0.00|0.00|0|22244466000133|
|C170|1|PROD005|INSUMO INDUSTRIAL E|12.90|UN|506.12|5102|00|482.30|12.00|57.88|0.00|0.00|0.00|0.00|0.00|0.00|
|C170|2|PROD004|PRODUTO ACABADO D|11.42|UN|8118.34|5102|40|0.00|12.00|0.00|0.00|0.00|0.00|0.00|0.00|0.00|
|C170|3|PROD004|PRODUTO ACABADO D|30.56|UN|29136.14|5102|00|28193.89|12.00|3383.27|0.00|0.00|0.00|0.00|0.00|0.00|
|C100|1|0|98765432000188|55|00|000000433|000|02022024|05022024|5888.80|5234.81|628.17|0.00|0.00|0.00|0.00|0.00|0.00|0.00|0|55512312300010|
|C170|1|PROD006|EMBALAGEM PADRAO F|4.95|UN|25.22|5102|00|24.37|12.00|2.92|0.00|0.00|0.00|0.00|0.00|0.00|
|C170|2|PROD003|MATERIAL BRUTO C|3.23|UN|721.06|5102|00|647.08|12.00|77.65|0.00|0.00|0.00|0.00|0.00|0.00|
|C170|3|PROD007|PARTE SOBRESSALENTE G|43.53|UN|5142.52|5102|10|4563.36|12.00|547.60|0.00|0.00|0.00|0.00|0.00|0.00|
|C100|1|0|98765432000188|55|00|000000434|000|18022024|19022024|81301.60|72487.16|8698.47|0.00|0.00|0.00|0.00|0.00|0.00|0.00|0|22244466000133|
|C170|1|PROD004|PRODUTO ACABADO D|7.80|UN|5805.38|6101|40|0.00|12.00|0.00|0.00|0.00|0.00|0.00|0.00|0.00|
|C170|2|PROD008|CONJUNTO MONTADO H|47.10|UN|61872.84|6101|10|59317.97|12.00|7118.16|0.00|0.00|0.00|0.00|0.00|0.00|
|C170|3|PROD003|MATERIAL BRUTO C|21.88|UN|5639.07|6101|90|5216.96|12.00|626.04|0.00|0.00|0.00|0.00|0.00|0.00|
|C170|4|PROD003|MATERIAL BRUTO C|26.73|UN|7984.31|6101|10|7952.23|12.00|954.27|0.00|0.00|0.00|0.00|0.00|0.00|
|C100|1|0|98765432000188|55|00|000000435|000|04022024|05022024|1217.23|0.00|0.00|0.00|0.00|0.00|0.00|0.00|0.00|0.00|0|22244466000133|
|C170|1|PROD001|PECA MECANICA TIPO A|17.83|UN|1217.23|5101|40|0.00|12.00|0.00|0.00|0.00|0.00|0.00|0.00|0.00|
|C100|1|0|98765432000188|55|00|000000436|000|28022024|29022024|13087.61|1557.24|186.87|0.00|0.00|0.00|0.00|0.00|0.00|0.00|0|33366699000100|
|C170|1|PROD004|PRODUTO ACABADO D|14.01|UN|11219.35|5102|30|0.00|12.00|0.00|0.00|0.00|0.00|0.00|0.00|0.00|
|C170|2|PROD005|INSUMO INDUSTRIAL E|15.10|UN|228.98|5102|50|0.00|12.00|0.00|0.00|0.00|0.00|0.00|0.00|0.00|
|C170|3|PROD002|COMPONENTE ELETRICO B|34.78|UN|1639.28|5102|00|1557.24|12.00|186.87|0.00|0.00|0.00|0.00|0.00|0.00|
|C100|1|0|98765432000188|55|00|000000437|000|07022024|08022024|36972.25|34324.53|4118.94|0.00|0.00|0.00|0.00|0.00|0.00|0.00|0|22244466000133|
|C170|1|PROD004|PRODUTO ACABADO D|45.57|UN|36972.25|5403|51|34324.53|12.00|4118.94|0.00|0.00|0.00|0.00|0.00|0.00|
|C100|1|0|98765432000188|55|00|000000438|000|13022024|13022024|17496.95|6656.07|798.73|0.00|0.00|0.00|0.00|0.00|0.00|0.00|0|99900011000155|
|C170|1|PROD006|EMBALAGEM PADRAO F|14.69|UN|91.82|5102|30|0.00|12.00|0.00|0.00|0.00|0.00|0.00|0.00|0.00|
|C170|2|PROD007|PARTE SOBRESSALENTE G|6.06|UN|577.02|5102|60|0.00|12.00|0.00|0.00|0.00|0.00|0.00|0.00|0.00|
|C170|3|PROD003|MATERIAL BRUTO C|32.74|UN|7965.57|5102|40|0.00|12.00|0.00|0.00|0.00|0.00|0.00|0.00|0.00|
|C170|4|PROD005|INSUMO INDUSTRIAL E|31.11|UN|1178.25|5102|60|0.00|12.00|0.00|0.00|0.00|0.00|0.00|0.00|0.00|
|C170|5|PROD003|MATERIAL BRUTO C|36.22|UN|7684.29|5102|00|6656.07|12.00|798.73|0.00|0.00|0.00|0.00|0.00|0.00|
|C100|1|0|98765432000188|55|00|000000439|000|15022024|18022024|30322.62|27981.88|3357.82|0.00|0.00|0.00|0.00|0.00|0.00|0.00|0|22244466000133|
|C170|1|PROD004|PRODUTO ACABADO D|27.73|UN|26803.82|5401|51|24873.01|12.00|2984.76|0.00|0.00|0.00|0.00|0.00|0.00|
|C170|2|PROD007|PARTE SOBRESSALENTE G|30.58|UN|3518.80|5401|90|3108.87|12.00|373.06|0.00|0.00|0.00|0.00|0.00|0.00|
|C100|1|0|98765432000188|55|00|000000440|000|19022024|21022024|39138.06|46.48|5.58|0.00|0.00|0.00|0.00|0.00|0.00|0.00|0|22244466000133|
|C170|1|PROD008|CONJUNTO MONTADO H|39.00|UN|37960.65|5403|70|0.00|12.00|0.00|0.00|0.00|0.00|0.00|0.00|0.00|
|C170|2|PROD002|COMPONENTE ELETRICO B|27.13|UN|1130.38|5403|30|0.00|12.00|0.00|0.00|0.00|0.00|0.00|0.00|0.00|
|C170|3|PROD006|EMBALAGEM PADRAO F|4.99|UN|47.03|5403|00|46.48|12.00|5.58|0.00|0.00|0.00|0.00|0.00|0.00|
|C100|1|0|98765432000188|55|00|000000441|000|26022024|29022024|28487.45|0.00|0.00|0.00|0.00|0.00|0.00|0.00|0.00|0.00|0|22244466000133|
|C170|1|PROD008|CONJUNTO MONTADO H|27.44|UN|22842.74|5403|41|0.00|12.00|0.00|0.00|0.00|0.00|0.00|0.00|0.00|
|C170|2|PROD003|MATERIAL BRUTO C|21.30|UN|5275.98|5403|40|0.00|12.00|0.00|0.00|0.00|0.00|0.00|0.00|0.00|
|C170|3|PROD006|EMBALAGEM PADRAO F|45.35|UN|368.73|5403|40|0.00|12.00|0.00|0.00|0.00|0.00|0.00|0.00|0.00|
|C100|1|0|98765432000188|55|00|000000442|000|21022024|21022024|999.76|0.00|0.00|0.00|0.00|0.00|0.00|0.00|0.00|0.00|0|55512312300010|
|C170|1|PROD006|EMBALAGEM PADRAO F|21.58|UN|163.76|5401|40|0.00|12.00|0.00|0.00|0.00|0.00|0.00|0.00|0.00|
|C170|2|PROD002|COMPONENTE ELETRICO B|25.02|UN|836.00|5401|60|0.00|12.00|0.00|0.00|0.00|0.00|0.00|0.00|0.00|
|C100|1|0|98765432000188|55|00|000000443|000|25022024|27022024|55995.09|5211.25|625.35|0.00|0.00|0.00|0.00|0.00|0.00|0.00|0|99900011000155|
|C170|1|PROD003|MATERIAL BRUTO C|28.70|UN|9355.87|5401|40|0.00|12.00|0.00|0.00|0.00|0.00|0.00|0.00|0.00|
|C170|2|PROD007|PARTE SOBRESSALENTE G|21.37|UN|1864.49|5401|00|1729.81|12.00|207.58|0.00|0.00|0.00|0.00|0.00|0.00|
|C170|3|PROD008|CONJUNTO MONTADO H|23.10|UN|19560.85|5401|41|0.00|12.00|0.00|0.00|0.00|0.00|0.00|0.00|0.00|
|C170|4|PROD004|PRODUTO ACABADO D|35.05|UN|21593.17|5401|40|0.00|12.00|0.00|0.00|0.00|0.00|0.00|0.00|0.00|
|C170|5|PROD003|MATERIAL BRUTO C|16.05|UN|3620.71|5401|00|3481.44|12.00|417.77|0.00|0.00|0.00|0.00|0.00|0.00|
|C100|1|0|98765432000188|55|00|000000444|000|11022024|12022024|813.68|469.15|56.30|0.00|0.00|0.00|0.00|0.00|0.00|0.00|0|33366699000100|
|C170|1|PROD007|PARTE SOBRESSALENTE G|3.73|UN|522.50|5102|00|469.15|12.00|56.30|0.00|0.00|0.00|0.00|0.00|0.00|
|C170|2|PROD006|EMBALAGEM PADRAO F|25.50|UN|291.18|5102|41|0.00|12.00|0.00|0.00|0.00|0.00|0.00|0.00|0.00|
|C100|1|0|98765432000188|55|00|000000445|000|26022024|29022024|14621.39|10013.31|1201.60|0.00|0.00|0.00|0.00|0.00|0.00|0.00|0|77788899000177|
|C170|1|PROD003|MATERIAL BRUTO C|14.87|UN|3253.35|5401|50|0.00|12.00|0.00|0.00|0.00|0.00|0.00|0.00|0.00|
|C170|2|PROD008|CONJUNTO MONTADO H|10.86|UN|11368.04|5401|00|10013.31|12.00|1201.60|0.00|0.00|0.00|0.00|0.00|0.00|
|C100|1|0|98765432000188|55|00|000000446|000|09022024|09022024|48954.47|40498.45|4859.81|0.00|0.00|0.00|0.00|0.00|0.00|0.00|0|22244466000133|
|C170|1|PROD006|EMBALAGEM PADRAO F|20.01|UN|216.26|5102|00|190.56|12.00|22.87|0.00|0.00|0.00|0.00|0.00|0.00|
|C170|2|PROD001|PECA MECANICA TIPO A|34.31|UN|1720.10|5102|40|0.00|12.00|0.00|0.00|0.00|0.00|0.00|0.00|0.00|
|C170|3|PROD004|PRODUTO ACABADO D|48.35|UN|41522.92|5102|90|36590.37|12.00|4390.84|0.00|0.00|0.00|0.00|0.00|0.00|
|C170|4|PROD007|PARTE SOBRESSALENTE G|36.50|UN|4082.86|5102|00|3717.52|12.00|446.10|0.00|0.00|0.00|0.00|0.00|0.00|
|C170|5|PROD007|PARTE SOBRESSALENTE G|9.78|UN|1412.33|5102|40|0.00|12.00|0.00|0.00|0.00|0.00|0.00|0.00|0.00|
|C100|1|0|98765432000188|55|00|000000447|000|02022024|03022024|3449.04|368.39|44.21|0.00|0.00|0.00|0.00|0.00|0.00|0.00|0|22244466000133|
|C170|1|PROD001|PECA MECANICA TIPO A|43.92|UN|3022.81|5401|40|0.00|12.00|0.00|0.00|0.00|0.00|0.00|0.00|0.00|
|C170|2|PROD006|EMBALAGEM PADRAO F|36.65|UN|426.23|5401|51|368.39|12.00|44.21|0.00|0.00|0.00|0.00|0.00|0.00|
|C100|1|0|98765432000188|55|00|000000448|000|21022024|22022024|48924.64|33817.88|4058.14|0.00|0.00|0.00|0.00|0.00|0.00|0.00|0|77788899000177|
|C170|1|PROD008|CONJUNTO MONTADO H|33.30|UN|35799.53|6102|00|30705.03|12.00|3684.60|0.00|0.00|0.00|0.00|0.00|0.00|
|C170|2|PROD003|MATERIAL BRUTO C|44.30|UN|9801.38|6102|40|0.00|12.00|0.00|0.00|0.00|0.00|0.00|0.00|0.00|
|C170|3|PROD003|MATERIAL BRUTO C|13.04|UN|3171.24|6102|20|3112.85|12.00|373.54|0.00|0.00|0.00|0.00|0.00|0.00|
|C170|4|PROD006|EMBALAGEM PADRAO F|13.57|UN|152.49|6102|60|0.00|12.00|0.00|0.00|0.00|0.00|0.00|0.00|0.00|
|C100|1|0|98765432000188|55|00|000000449|000|26022024|27022024|40862.48|0.00|0.00|0.00|0.00|0.00|0.00|0.00|0.00|0.00|0|33366699000100|
|C170|1|PROD008|CONJUNTO MONTADO H|1.21|UN|1155.68|5101|30|0.00|12.00|0.00|0.00|0.00|0.00|0.00|0.00|0.00|
|C170|2|PROD008|CONJUNTO MONTADO H|30.61|UN|31568.82|5101|50|0.00|12.00|0.00|0.00|0.00|0.00|0.00|0.00|0.00|
|C170|3|PROD008|CONJUNTO MONTADO H|9.09|UN|8068.90|5101|30|0.00|12.00|0.00|0.00|0.00|0.00|0.00|0.00|0.00|
|C170|4|PROD005|INSUMO INDUSTRIAL E|2.75|UN|69.08|5101|40|0.00|12.00|0.00|0.00|0.00|0.00|0.00|0.00|0.00|
|C100|1|0|98765432000188|55|00|000000450|000|08022024|10022024|5528.85|0.00|0.00|0.00|0.00|0.00|0.00|0.00|0.00|0.00|0|77788899000177|
|C170|1|PROD004|PRODUTO ACABADO D|4.10|UN|3567.39|5401|40|0.00|12.00|0.00|0.00|0.00|0.00|0.00|0.00|0.00|
|C170|2|PROD005|INSUMO INDUSTRIAL E|44.27|UN|1396.12|5401|41|0.00|12.00|0.00|0.00|0.00|0.00|0.00|0.00|0.00|
|C170|3|PROD005|INSUMO INDUSTRIAL E|15.56|UN|565.34|5401|40|0.00|12.00|0.00|0.00|0.00|0.00|0.00|0.00|0.00|
|C100|1|0|98765432000188|55|00|000000451|000|02022024|04022024|68771.58|37381.70|4485.81|0.00|0.00|0.00|0.00|0.00|0.00|0.00|0|55512312300010|
|C170|1|PROD004|PRODUTO ACABADO D|42.20|UN|39485.73|6102|00|37257.24|12.00|4470.87|0.00|0.00|0.00|0.00|0.00|0.00|
|C170|2|PROD008|CONJUNTO MONTADO H|36.98|UN|29145.66|6102|40|0.00|12.00|0.00|0.00|0.00|0.00|0.00|0.00|0.00|
|C170|3|PROD007|PARTE SOBRESSALENTE G|1.05|UN|140.19|6102|00|124.46|12.00|14.94|0.00|0.00|0.00|0.00|0.00|0.00|
|C100|1|0|98765432000188|55|00|000000452|000|01022024|01022024|34213.79|27167.42|3260.09|0.00|0.00|0.00|0.00|0.00|0.00|0.00|0|33366699000100|
|C170|1|PROD001|PECA MECANICA TIPO A|18.00|UN|1307.56|5403|40|0.00|12.00|0.00|0.00|0.00|0.00|0.00|0.00|0.00|
|C170|2|PROD004|PRODUTO ACABADO D|30.98|UN|29865.51|5403|00|27167.42|12.00|3260.09|0.00|0.00|0.00|0.00|0.00|0.00|
|C170|3|PROD007|PARTE SOBRESSALENTE G|27.21|UN|3040.72|5403|40|0.00|12.00|0.00|0.00|0.00|0.00|0.00|0.00|0.00|
|C100|1|0|98765432000188|55|00|000000453|000|06022024|07022024|19810.04|17134.22|2056.10|0.00|0.00|0.00|0.00|0.00|0.00|0.00|0|77788899000177|
|C170|1|PROD002|COMPONENTE ELETRICO B|20.57|UN|1397.67|5102|40|0.00|12.00|0.00|0.00|0.00|0.00|0.00|0.00|0.00|
|C170|2|PROD003|MATERIAL BRUTO C|43.50|UN|14094.54|5102|51|12972.61|12.00|1556.71|0.00|0.00|0.00|0.00|0.00|0.00|
|C170|3|PROD001|PECA MECANICA TIPO A|42.44|UN|4317.83|5102|00|4161.61|12.00|499.39|0.00|0.00|0.00|0.00|0.00|0.00|
|C100|1|0|98765432000188|55|00|000000454|000|19022024|19022024|4507.25|4396.60|527.59|0.00|0.00|0.00|0.00|0.00|0.00|0.00|0|33366699000100|
|C170|1|PROD007|PARTE SOBRESSALENTE G|49.12|UN|4507.25|6102|00|4396.60|12.00|527.59|0.00|0.00|0.00|0.00|0.00|0.00|
|C100|1|0|98765432000188|55|00|000000455|000|13022024|13022024|3244.12|435.66|52.28|0.00|0.00|0.00|0.00|0.00|0.00|0.00|0|99900011000155|
|C170|1|PROD002|COMPONENTE ELETRICO B|34.29|UN|2756.33|5102|41|0.00|12.00|0.00|0.00|0.00|0.00|0.00|0.00|0.00|
|C170|2|PROD005|INSUMO INDUSTRIAL E|14.21|UN|487.79|5102|00|435.66|12.00|52.28|0.00|0.00|0.00|0.00|0.00|0.00|
|C100|1|0|98765432000188|55|00|000000456|000|10022024|11022024|8688.52|70.30|8.43|0.00|0.00|0.00|0.00|0.00|0.00|0.00|0|33366699000100|
|C170|1|PROD006|EMBALAGEM PADRAO F|2.10|UN|13.88|5102|00|13.26|12.00|1.59|0.00|0.00|0.00|0.00|0.00|0.00|
|C170|2|PROD002|COMPONENTE ELETRICO B|1.74|UN|61.40|5102|00|57.04|12.00|6.84|0.00|0.00|0.00|0.00|0.00|0.00|
|C170|3|PROD003|MATERIAL BRUTO C|30.58|UN|8613.24|5102|40|0.00|12.00|0.00|0.00|0.00|0.00|0.00|0.00|0.00|
|C100|1|0|98765432000188|55|00|000000457|000|22022024|23022024|376.50|0.00|0.00|0.00|0.00|0.00|0.00|0.00|0.00|0.00|0|33366699000100|
|C170|1|PROD006|EMBALAGEM PADRAO F|41.97|UN|376.50|5401|40|0.00|12.00|0.00|0.00|0.00|0.00|0.00|0.00|0.00|
|C100|1|0|98765432000188|55|00|000000458|000|11022024|12022024|94845.71|65715.29|7885.83|0.00|0.00|0.00|0.00|0.00|0.00|0.00|0|77788899000177|
|C170|1|PROD003|MATERIAL BRUTO C|29.83|UN|9967.73|5102|40|0.00|12.00|0.00|0.00|0.00|0.00|0.00|0.00|0.00|
|C170|2|PROD004|PRODUTO ACABADO D|14.46|UN|12337.49|5102|41|0.00|12.00|0.00|0.00|0.00|0.00|0.00|0.00|0.00|
|C170|3|PROD006|EMBALAGEM PADRAO F|15.01|UN|169.59|5102|30|0.00|12.00|0.00|0.00|0.00|0.00|0.00|0.00|0.00|
|C170|4|PROD004|PRODUTO ACABADO D|48.36|UN|44151.77|5102|51|40564.69|12.00|4867.76|0.00|0.00|0.00|0.00|0.00|0.00|
|C170|5|PROD004|PRODUTO ACABADO D|46.76|UN|28219.13|5102|00|25150.60|12.00|3018.07|0.00|0.00|0.00|0.00|0.00|0.00|
|C100|1|0|98765432000188|55|00|000000459|000|07022024|07022024|46945.02|6136.84|736.42|0.00|0.00|0.00|0.00|0.00|0.00|0.00|0|99900011000155|
|C170|1|PROD001|PECA MECANICA TIPO A|19.46|UN|1148.47|6102|70|0.00|12.00|0.00|0.00|0.00|0.00|0.00|0.00|0.00|
|C170|2|PROD001|PECA MECANICA TIPO A|45.59|UN|4580.84|6102|10|4216.58|12.00|505.99|0.00|0.00|0.00|0.00|0.00|0.00|
|C170|3|PROD002|COMPONENTE ELETRICO B|36.48|UN|1939.90|6102|20|1920.26|12.00|230.43|0.00|0.00|0.00|0.00|0.00|0.00|
|C170|4|PROD008|CONJUNTO MONTADO H|39.26|UN|39275.81|6102|40|0.00|12.00|0.00|0.00|0.00|0.00|0.00|0.00|0.00|
|C100|1|0|98765432000188|55|00|000000460|000|11022024|14022024|4596.04|2495.47|299.46|0.00|0.00|0.00|0.00|0.00|0.00|0.00|0|33366699000100|
|C170|1|PROD007|PARTE SOBRESSALENTE G|15.74|UN|2450.25|6102|00|2185.39|12.00|262.25|0.00|0.00|0.00|0.00|0.00|0.00|
|C170|2|PROD002|COMPONENTE ELETRICO B|9.14|UN|354.75|6102|00|310.08|12.00|37.21|0.00|0.00|0.00|0.00|0.00|0.00|
|C170|3|PROD006|EMBALAGEM PADRAO F|26.97|UN|176.95|6102|30|0.00|12.00|0.00|0.00|0.00|0.00|0.00|0.00|0.00|
|C170|4|PROD002|COMPONENTE ELETRICO B|39.53|UN|1614.09|6102|70|0.00|12.00|0.00|0.00|0.00|0.00|0.00|0.00|0.00|
|C100|1|0|98765432000188|55|00|000000461|000|06022024|07022024|8961.51|8346.64|1001.60|0.00|0.00|0.00|0.00|0.00|0.00|0.00|0|33366699000100|
|C170|1|PROD005|INSUMO INDUSTRIAL E|34.40|UN|1232.55|5102|51|1101.52|12.00|132.18|0.00|0.00|0.00|0.00|0.00|0.00|
|C170|2|PROD001|PECA MECANICA TIPO A|49.35|UN|5408.98|5102|51|5155.38|12.00|618.65|0.00|0.00|0.00|0.00|0.00|0.00|
|C170|3|PROD002|COMPONENTE ELETRICO B|49.94|UN|2319.98|5102|00|2089.74|12.00|250.77|0.00|0.00|0.00|0.00|0.00|0.00|
|C100|1|0|98765432000188|55|00|000000462|000|06022024|07022024|32165.37|70.27|8.43|0.00|0.00|0.00|0.00|0.00|0.00|0.00|0|77788899000177|
|C170|1|PROD004|PRODUTO ACABADO D|41.38|UN|31960.09|5401|40|0.00|12.00|0.00|0.00|0.00|0.00|0.00|0.00|0.00|
|C170|2|PROD006|EMBALAGEM PADRAO F|12.11|UN|134.64|5401|40|0.00|12.00|0.00|0.00|0.00|0.00|0.00|0.00|0.00|
|C170|3|PROD005|INSUMO INDUSTRIAL E|2.70|UN|70.64|5401|00|70.27|12.00|8.43|0.00|0.00|0.00|0.00|0.00|0.00|
|C100|1|0|98765432000188|55|00|000000463|000|07022024|10022024|2674.08|0.00|0.00|0.00|0.00|0.00|0.00|0.00|0.00|0.00|0|77788899000177|
|C170|1|PROD003|MATERIAL BRUTO C|10.64|UN|2674.08|5401|50|0.00|12.00|0.00|0.00|0.00|0.00|0.00|0.00|0.00|
|C100|1|0|98765432000188|55|00|000000464|000|07022024|10022024|9419.55|1379.42|165.53|0.00|0.00|0.00|0.00|0.00|0.00|0.00|0|77788899000177|
|C170|1|PROD003|MATERIAL BRUTO C|17.68|UN|5557.12|6101|40|0.00|12.00|0.00|0.00|0.00|0.00|0.00|0.00|0.00|
|C170|2|PROD005|INSUMO INDUSTRIAL E|37.48|UN|906.74|6101|20|848.31|12.00|101.80|0.00|0.00|0.00|0.00|0.00|0.00|
|C170|3|PROD006|EMBALAGEM PADRAO F|3.90|UN|38.62|6101|00|37.51|12.00|4.50|0.00|0.00|0.00|0.00|0.00|0.00|
|C170|4|PROD007|PARTE SOBRESSALENTE G|24.37|UN|2388.55|6101|40|0.00|12.00|0.00|0.00|0.00|0.00|0.00|0.00|0.00|
|C170|5|PROD005|INSUMO INDUSTRIAL E|34.36|UN|528.52|6101|20|493.60|12.00|59.23|0.00|0.00|0.00|0.00|0.00|0.00|
|C100|1|0|98765432000188|55|00|000000465|000|18022024|21022024|3403.23|2557.23|306.86|0.00|0.00|0.00|0.00|0.00|0.00|0.00|0|55512312300010|
|C170|1|PROD005|INSUMO INDUSTRIAL E|14.97|UN|515.30|6101|41|0.00|12.00|0.00|0.00|0.00|0.00|0.00|0.00|0.00|
|C170|2|PROD003|MATERIAL BRUTO C|9.24|UN|2707.34|6101|00|2402.61|12.00|288.31|0.00|0.00|0.00|0.00|0.00|0.00|
|C170|3|PROD006|EMBALAGEM PADRAO F|18.97|UN|180.59|6101|51|154.62|12.00|18.55|0.00|0.00|0.00|0.00|0.00|0.00|
|C100|1|0|98765432000188|55|00|000000466|000|19022024|20022024|56197.12|22789.61|2734.75|0.00|0.00|0.00|0.00|0.00|0.00|0.00|0|22244466000133|
|C170|1|PROD004|PRODUTO ACABADO D|46.82|UN|23426.48|6102|00|22789.61|12.00|2734.75|0.00|0.00|0.00|0.00|0.00|0.00|
|C170|2|PROD008|CONJUNTO MONTADO H|34.20|UN|32770.64|6102|50|0.00|12.00|0.00|0.00|0.00|0.00|0.00|0.00|0.00|
|C100|1|0|98765432000188|55|00|000000467|000|29022024|29022024|41582.97|39420.72|4730.49|0.00|0.00|0.00|0.00|0.00|0.00|0.00|0|33366699000100|
|C170|1|PROD008|CONJUNTO MONTADO H|43.84|UN|41582.97|5101|20|39420.72|12.00|4730.49|0.00|0.00|0.00|0.00|0.00|0.00|
|C100|1|0|98765432000188|55|00|000000468|000|05022024|08022024|88614.74|40036.25|4804.35|0.00|0.00|0.00|0.00|0.00|0.00|0.00|0|55512312300010|
|C170|1|PROD004|PRODUTO ACABADO D|46.75|UN|41938.17|6102|70|0.00|12.00|0.00|0.00|0.00|0.00|0.00|0.00|0.00|
|C170|2|PROD008|CONJUNTO MONTADO H|37.21|UN|40851.76|6102|10|34940.93|12.00|4192.91|0.00|0.00|0.00|0.00|0.00|0.00|
|C170|3|PROD005|INSUMO INDUSTRIAL E|10.82|UN|402.25|6102|00|359.35|12.00|43.12|0.00|0.00|0.00|0.00|0.00|0.00|
|C170|4|PROD007|PARTE SOBRESSALENTE G|38.52|UN|5422.56|6102|90|4735.97|12.00|568.32|0.00|0.00|0.00|0.00|0.00|0.00|
|C100|1|0|98765432000188|55|00|000000469|000|11022024|13022024|31612.25|310.84|37.30|0.00|0.00|0.00|0.00|0.00|0.00|0.00|0|22244466000133|
|C170|1|PROD002|COMPONENTE ELETRICO B|4.29|UN|361.95|6102|00|310.84|12.00|37.30|0.00|0.00|0.00|0.00|0.00|0.00|
|C170|2|PROD004|PRODUTO ACABADO D|33.62|UN|31250.30|6102|41|0.00|12.00|0.00|0.00|0.00|0.00|0.00|0.00|0.00|
|C100|1|0|98765432000188|55|00|000000470|000|16022024|16022024|8273.54|168.46|20.22|0.00|0.00|0.00|0.00|0.00|0.00|0.00|0|77788899000177|
|C170|1|PROD008|CONJUNTO MONTADO H|10.31|UN|8083.64|5401|40|0.00|12.00|0.00|0.00|0.00|0.00|0.00|0.00|0.00|
|C170|2|PROD006|EMBALAGEM PADRAO F|17.42|UN|189.90|5401|20|168.46|12.00|20.22|0.00|0.00|0.00|0.00|0.00|0.00|
|C100|1|0|98765432000188|55|00|000000471|000|20022024|22022024|120.95|118.41|14.21|0.00|0.00|0.00|0.00|0.00|0.00|0.00|0|55512312300010|
|C170|1|PROD006|EMBALAGEM PADRAO F|10.13|UN|120.95|5102|00|118.41|12.00|14.21|0.00|0.00|0.00|0.00|0.00|0.00|
|C100|1|0|98765432000188|55|00|000000472|000|09022024|12022024|30742.71|26434.65|3172.16|0.00|0.00|0.00|0.00|0.00|0.00|0.00|0|22244466000133|
|C170|1|PROD005|INSUMO INDUSTRIAL E|19.68|UN|445.08|5401|30|0.00|12.00|0.00|0.00|0.00|0.00|0.00|0.00|0.00|
|C170|2|PROD001|PECA MECANICA TIPO A|31.74|UN|3517.62|5401|00|3508.47|12.00|421.02|0.00|0.00|0.00|0.00|0.00|0.00|
|C170|3|PROD004|PRODUTO ACABADO D|37.12|UN|26756.92|5401|00|22903.09|12.00|2748.37|0.00|0.00|0.00|0.00|0.00|0.00|
|C170|4|PROD006|EMBALAGEM PADRAO F|4.39|UN|23.09|5401|00|23.09|12.00|2.77|0.00|0.00|0.00|0.00|0.00|0.00|
|C100|1|0|98765432000188|55|00|000000473|000|17022024|17022024|4076.66|214.34|25.72|0.00|0.00|0.00|0.00|0.00|0.00|0.00|0|33366699000100|
|C170|1|PROD005|INSUMO INDUSTRIAL E|25.95|UN|604.73|5401|40|0.00|12.00|0.00|0.00|0.00|0.00|0.00|0.00|0.00|
|C170|2|PROD003|MATERIAL BRUTO C|1.97|UN|476.10|5401|40|0.00|12.00|0.00|0.00|0.00|0.00|0.00|0.00|0.00|
|C170|3|PROD002|COMPONENTE ELETRICO B|41.51|UN|2746.80|5401|41|0.00|12.00|0.00|0.00|0.00|0.00|0.00|0.00|0.00|
|C170|4|PROD001|PECA MECANICA TIPO A|4.03|UN|249.03|5401|00|214.34|12.00|25.72|0.00|0.00|0.00|0.00|0.00|0.00|
|C100|1|0|98765432000188|55|00|000000474|000|19022024|20022024|700.35|507.28|60.87|0.00|0.00|0.00|0.00|0.00|0.00|0.00|0|33366699000100|
|C170|1|PROD005|INSUMO INDUSTRIAL E|21.30|UN|352.06|5101|00|306.12|12.00|36.73|0.00|0.00|0.00|0.00|0.00|0.00|
|C170|2|PROD002|COMPONENTE ELETRICO B|3.89|UN|125.33|5101|50|0.00|12.00|0.00|0.00|0.00|0.00|0.00|0.00|0.00|
|C170|3|PROD006|EMBALAGEM PADRAO F|34.57|UN|222.96|5101|00|201.16|12.00|24.14|0.00|0.00|0.00|0.00|0.00|0.00|
|C100|1|0|98765432000188|55|00|000000475|000|07022024|07022024|9154.25|7298.97|875.87|0.00|0.00|0.00|0.00|0.00|0.00|0.00|0|55512312300010|
|C170|1|PROD005|INSUMO INDUSTRIAL E|22.80|UN|840.60|5401|40|0.00|12.00|0.00|0.00|0.00|0.00|0.00|0.00|0.00|
|C170|2|PROD005|INSUMO INDUSTRIAL E|14.10|UN|312.23|5401|00|309.29|12.00|37.11|0.00|0.00|0.00|0.00|0.00|0.00|
|C170|3|PROD001|PECA MECANICA TIPO A|17.27|UN|889.09|5401|10|791.18|12.00|94.94|0.00|0.00|0.00|0.00|0.00|0.00|
|C170|4|PROD004|PRODUTO ACABADO D|7.45|UN|5360.77|5401|00|4682.16|12.00|561.86|0.00|0.00|0.00|0.00|0.00|0.00|
|C170|5|PROD007|PARTE SOBRESSALENTE G|17.80|UN|1751.56|5401|10|1516.34|12.00|181.96|0.00|0.00|0.00|0.00|0.00|0.00|
|C100|1|0|98765432000188|55|00|000000476|000|04022024|04022024|8251.93|3941.13|472.93|0.00|0.00|0.00|0.00|0.00|0.00|0.00|0|33366699000100|
|C170|1|PROD002|COMPONENTE ELETRICO B|37.82|UN|2416.63|5101|00|2067.10|12.00|248.05|0.00|0.00|0.00|0.00|0.00|0.00|
|C170|2|PROD006|EMBALAGEM PADRAO F|6.15|UN|67.62|5101|90|57.58|12.00|6.91|0.00|0.00|0.00|0.00|0.00|0.00|
|C170|3|PROD007|PARTE SOBRESSALENTE G|13.48|UN|1830.99|5101|20|1816.45|12.00|217.97|0.00|0.00|0.00|0.00|0.00|0.00|
|C170|4|PROD003|MATERIAL BRUTO C|18.04|UN|3936.69|5101|40|0.00|12.00|0.00|0.00|0.00|0.00|0.00|0.00|0.00|
|C100|1|0|98765432000188|55|00|000000477|000|07022024|10022024|14784.33|0.00|0.00|0.00|0.00|0.00|0.00|0.00|0.00|0.00|0|22244466000133|
|C170|1|PROD002|COMPONENTE ELETRICO B|16.77|UN|532.54|5101|40|0.00|12.00|0.00|0.00|0.00|0.00|0.00|0.00|0.00|
|C170|2|PROD004|PRODUTO ACABADO D|16.00|UN|14251.79|5101|40|0.00|12.00|0.00|0.00|0.00|0.00|0.00|0.00|0.00|
|C100|1|0|98765432000188|55|00|000000478|000|01022024|04022024|201.27|199.62|23.95|0.00|0.00|0.00|0.00|0.00|0.00|0.00|0|33366699000100|
|C170|1|PROD006|EMBALAGEM PADRAO F|22.00|UN|201.27|6102|10|199.62|12.00|23.95|0.00|0.00|0.00|0.00|0.00|0.00|
|C100|1|0|98765432000188|55|00|000000479|000|14022024|14022024|34212.78|0.00|0.00|0.00|0.00|0.00|0.00|0.00|0.00|0.00|0|77788899000177|
|C170|1|PROD008|CONJUNTO MONTADO H|29.53|UN|34212.78|5101|40|0.00|12.00|0.00|0.00|0.00|0.00|0.00|0.00|0.00|
|C100|1|0|98765432000188|55|00|000000480|000|27022024|27022024|8133.02|0.00|0.00|0.00|0.00|0.00|0.00|0.00|0.00|0.00|0|55512312300010|
|C170|1|PROD007|PARTE SOBRESSALENTE G|34.47|UN|3072.39|6102|50|0.00|12.00|0.00|0.00|0.00|0.00|0.00|0.00|0.00|
|C170|2|PROD001|PECA MECANICA TIPO A|43.21|UN|3526.80|6102|40|0.00|12.00|0.00|0.00|0.00|0.00|0.00|0.00|0.00|
|C170|3|PROD005|INSUMO INDUSTRIAL E|49.70|UN|1533.83|6102|40|0.00|12.00|0.00|0.00|0.00|0.00|0.00|0.00|0.00|
|C100|1|0|98765432000188|55|00|000000481|000|17022024|20022024|10056.33|0.00|0.00|0.00|0.00|0.00|0.00|0.00|0.00|0.00|0|77788899000177|
|C170|1|PROD003|MATERIAL BRUTO C|29.97|UN|10056.33|5401|40|0.00|12.00|0.00|0.00|0.00|0.00|0.00|0.00|0.00|
|C100|1|0|98765432000188|55|00|000000482|000|09022024|10022024|40374.33|31522.42|3782.69|0.00|0.00|0.00|0.00|0.00|0.00|0.00|0|33366699000100|
|C170|1|PROD007|PARTE SOBRESSALENTE G|32.59|UN|3857.17|5401|30|0.00|12.00|0.00|0.00|0.00|0.00|0.00|0.00|0.00|
|C170|2|PROD002|COMPONENTE ELETRICO B|35.78|UN|2304.00|5401|51|2248.65|12.00|269.84|0.00|0.00|0.00|0.00|0.00|0.00|
|C170|3|PROD004|PRODUTO ACABADO D|44.82|UN|34213.16|5401|51|29273.77|12.00|3512.85|0.00|0.00|0.00|0.00|0.00|0.00|
|C100|1|0|98765432000188|55|00|000000483|000|25022024|26022024|18837.91|0.00|0.00|0.00|0.00|0.00|0.00|0.00|0.00|0.00|0|55512312300010|
|C170|1|PROD006|EMBALAGEM PADRAO F|41.14|UN|260.00|6101|40|0.00|12.00|0.00|0.00|0.00|0.00|0.00|0.00|0.00|
|C170|2|PROD004|PRODUTO ACABADO D|25.14|UN|18577.91|6101|30|0.00|12.00|0.00|0.00|0.00|0.00|0.00|0.00|0.00|
|C100|1|0|98765432000188|55|00|000000484|000|15022024|18022024|113.04|112.37|13.48|0.00|0.00|0.00|0.00|0.00|0.00|0.00|0|22244466000133|
|C170|1|PROD001|PECA MECANICA TIPO A|1.15|UN|113.04|6101|00|112.37|12.00|13.48|0.00|0.00|0.00|0.00|0.00|0.00|
|C100|1|0|98765432000188|55|00|000000485|000|20022024|21022024|39734.73|982.89|117.95|0.00|0.00|0.00|0.00|0.00|0.00|0.00|0|99900011000155|
|C170|1|PROD001|PECA MECANICA TIPO A|10.36|UN|1070.50|6102|90|982.89|12.00|117.95|0.00|0.00|0.00|0.00|0.00|0.00|
|C170|2|PROD006|EMBALAGEM PADRAO F|9.74|UN|87.00|6102|40|0.00|12.00|0.00|0.00|0.00|0.00|0.00|0.00|0.00|
|C170|3|PROD008|CONJUNTO MONTADO H|39.78|UN|38577.23|6102|50|0.00|12.00|0.00|0.00|0.00|0.00|0.00|0.00|0.00|
|C100|1|0|98765432000188|55|00|000000486|000|21022024|22022024|27911.75|0.00|0.00|0.00|0.00|0.00|0.00|0.00|0.00|0.00|0|22244466000133|
|C170|1|PROD004|PRODUTO ACABADO D|48.76|UN|27911.75|5101|50|0.00|12.00|0.00|0.00|0.00|0.00|0.00|0.00|0.00|
|C100|1|0|98765432000188|55|00|000000487|000|24022024|24022024|25830.18|5858.13|702.98|0.00|0.00|0.00|0.00|0.00|0.00|0.00|0|33366699000100|
|C170|1|PROD004|PRODUTO ACABADO D|20.66|UN|19069.92|6102|40|0.00|12.00|0.00|0.00|0.00|0.00|0.00|0.00|0.00|
|C170|2|PROD007|PARTE SOBRESSALENTE G|43.31|UN|6760.26|6102|20|5858.13|12.00|702.98|0.00|0.00|0.00|0.00|0.00|0.00|
|C100|1|0|98765432000188|55|00|000000488|000|28022024|28022024|5519.05|2650.17|318.02|0.00|0.00|0.00|0.00|0.00|0.00|0.00|0|55512312300010|
|C170|1|PROD001|PECA MECANICA TIPO A|28.83|UN|2770.08|6101|40|0.00|12.00|0.00|0.00|0.00|0.00|0.00|0.00|0.00|
|C170|2|PROD002|COMPONENTE ELETRICO B|49.97|UN|2574.01|6101|20|2480.35|12.00|297.64|0.00|0.00|0.00|0.00|0.00|0.00|
|C170|3|PROD001|PECA MECANICA TIPO A|2.01|UN|174.96|6101|00|169.82|12.00|20.38|0.00|0.00|0.00|0.00|0.00|0.00|
|C100|1|0|98765432000188|55|00|000000489|000|27022024|29022024|94593.26|48053.94|5766.48|0.00|0.00|0.00|0.00|0.00|0.00|0.00|0|77788899000177|
|C170|1|PROD004|PRODUTO ACABADO D|39.81|UN|26409.16|5101|00|25005.22|12.00|3000.63|0.00|0.00|0.00|0.00|0.00|0.00|
|C170|2|PROD004|PRODUTO ACABADO D|32.78|UN|21737.09|5101|60|0.00|12.00|0.00|0.00|0.00|0.00|0.00|0.00|0.00|
|C170|3|PROD008|CONJUNTO MONTADO H|34.26|UN|25261.27|5101|00|23048.72|12.00|2765.85|0.00|0.00|0.00|0.00|0.00|0.00|
|C170|4|PROD004|PRODUTO ACABADO D|31.47|UN|21185.74|5101|40|0.00|12.00|0.00|0.00|0.00|0.00|0.00|0.00|0.00|
|C100|1|0|98765432000188|55|00|000000490|000|25022024|25022024|11789.21|9804.22|1176.50|0.00|0.00|0.00|0.00|0.00|0.00|0.00|0|99900011000155|
|C170|1|PROD008|CONJUNTO MONTADO H|4.81|UN|5303.78|5401|00|4561.94|12.00|547.43|0.00|0.00|0.00|0.00|0.00|0.00|
|C170|2|PROD008|CONJUNTO MONTADO H|7.21|UN|6115.40|5401|00|5242.28|12.00|629.07|0.00|0.00|0.00|0.00|0.00|0.00|
|C170|3|PROD003|MATERIAL BRUTO C|1.63|UN|370.03|5401|40|0.00|12.00|0.00|0.00|0.00|0.00|0.00|0.00|0.00|
|C100|1|0|98765432000188|55|00|000000491|000|20022024|20022024|9483.90|4721.82|566.61|0.00|0.00|0.00|0.00|0.00|0.00|0.00|0|99900011000155|
|C170|1|PROD001|PECA MECANICA TIPO A|45.02|UN|3228.93|5403|51|2846.54|12.00|341.58|0.00|0.00|0.00|0.00|0.00|0.00|
|C170|2|PROD001|PECA MECANICA TIPO A|25.17|UN|1723.02|5403|00|1499.18|12.00|179.90|0.00|0.00|0.00|0.00|0.00|0.00|
|C170|3|PROD006|EMBALAGEM PADRAO F|47.33|UN|385.73|5403|00|376.10|12.00|45.13|0.00|0.00|0.00|0.00|0.00|0.00|
|C170|4|PROD001|PECA MECANICA TIPO A|35.08|UN|4146.22|5403|41|0.00|12.00|0.00|0.00|0.00|0.00|0.00|0.00|0.00|
|C100|1|0|98765432000188|55|00|000000492|000|15022024|17022024|62463.26|60830.42|7299.65|0.00|0.00|0.00|0.00|0.00|0.00|0.00|0|22244466000133|
|C170|1|PROD008|CONJUNTO MONTADO H|49.84|UN|62463.26|5401|00|60830.42|12.00|7299.65|0.00|0.00|0.00|0.00|0.00|0.00|
|C100|1|0|98765432000188|55|00|000000493|000|21022024|22022024|6777.29|0.00|0.00|0.00|0.00|0.00|0.00|0.00|0.00|0.00|0|33366699000100|
|C170|1|PROD003|MATERIAL BRUTO C|22.84|UN|6777.29|6102|40|0.00|12.00|0.00|0.00|0.00|0.00|0.00|0.00|0.00|
|C100|1|0|98765432000188|55|00|000000494|000|29022024|01032024|8831.12|5909.63|709.15|0.00|0.00|0.00|0.00|0.00|0.00|0.00|0|77788899000177|
|C170|1|PROD001|PECA MECANICA TIPO A|20.29|UN|2302.80|6101|70|0.00|12.00|0.00|0.00|0.00|0.00|0.00|0.00|0.00|
|C170|2|PROD005|INSUMO INDUSTRIAL E|3.89|UN|102.82|6101|00|94.02|12.00|11.28|0.00|0.00|0.00|0.00|0.00|0.00|
|C170|3|PROD007|PARTE SOBRESSALENTE G|42.67|UN|6425.50|6101|20|5815.61|12.00|697.87|0.00|0.00|0.00|0.00|0.00|0.00|
|C100|1|0|98765432000188|55|00|000000495|000|25022024|27022024|5336.69|3972.40|476.69|0.00|0.00|0.00|0.00|0.00|0.00|0.00|0|77788899000177|
|C170|1|PROD002|COMPONENTE ELETRICO B|25.20|UN|1035.81|5101|70|0.00|12.00|0.00|0.00|0.00|0.00|0.00|0.00|0.00|
|C170|2|PROD006|EMBALAGEM PADRAO F|25.33|UN|218.57|5101|00|200.81|12.00|24.10|0.00|0.00|0.00|0.00|0.00|0.00|
|C170|3|PROD008|CONJUNTO MONTADO H|3.19|UN|4082.31|5101|00|3771.59|12.00|452.59|0.00|0.00|0.00|0.00|0.00|0.00|
|C100|1|0|98765432000188|55|00|000000496|000|28022024|28022024|622.51|0.00|0.00|0.00|0.00|0.00|0.00|0.00|0.00|0.00|0|55512312300010|
|C170|1|PROD002|COMPONENTE ELETRICO B|8.02|UN|622.51|5101|30|0.00|12.00|0.00|0.00|0.00|0.00|0.00|0.00|0.00|
|C100|1|0|98765432000188|55|00|000000497|000|09022024|09022024|951.06|908.87|109.06|0.00|0.00|0.00|0.00|0.00|0.00|0.00|0|77788899000177|
|C170|1|PROD005|INSUMO INDUSTRIAL E|31.11|UN|951.06|5403|10|908.87|12.00|109.06|0.00|0.00|0.00|0.00|0.00|0.00|
|C100|1|0|98765432000188|55|00|000000498|000|26022024|28022024|57903.80|52998.76|6359.84|0.00|0.00|0.00|0.00|0.00|0.00|0.00|0|99900011000155|
|C170|1|PROD004|PRODUTO ACABADO D|16.31|UN|15167.04|5101|00|13400.20|12.00|1608.02|0.00|0.00|0.00|0.00|0.00|0.00|
|C170|2|PROD005|INSUMO INDUSTRIAL E|29.91|UN|1050.10|5101|40|0.00|12.00|0.00|0.00|0.00|0.00|0.00|0.00|0.00|
|C170|3|PROD004|PRODUTO ACABADO D|44.46|UN|37542.47|5101|20|35553.79|12.00|4266.45|0.00|0.00|0.00|0.00|0.00|0.00|
|C170|4|PROD004|PRODUTO ACABADO D|7.13|UN|4144.19|5101|20|4044.77|12.00|485.37|0.00|0.00|0.00|0.00|0.00|0.00|
|C100|1|0|98765432000188|55|00|000000499|000|05022024|08022024|12509.27|0.00|0.00|0.00|0.00|0.00|0.00|0.00|0.00|0.00|0|22244466000133|
|C170|1|PROD003|MATERIAL BRUTO C|39.25|UN|12509.27|5101|70|0.00|12.00|0.00|0.00|0.00|0.00|0.00|0.00|0.00|
|C100|1|0|98765432000188|55|00|000000500|000|24022024|27022024|2509.54|2277.92|273.35|0.00|0.00|0.00|0.00|0.00|0.00|0.00|0|77788899000177|
|C170|1|PROD005|INSUMO INDUSTRIAL E|39.97|UN|983.14|5101|10|856.63|12.00|102.80|0.00|0.00|0.00|0.00|0.00|0.00|
|C170|2|PROD003|MATERIAL BRUTO C|5.46|UN|1526.40|5101|10|1421.29|12.00|170.55|0.00|0.00|0.00|0.00|0.00|0.00|
|C990|1994|
|E001|0|
|E100|01022024|29022024|
|E110|733021.76|0.00|0.00|733021.76|180.65|0.00|0.00|0.00|0.00|0.00|265104.86|265104.86|0.00|0.00|0.00|0.00|0.00|0.00|0.00|0.00|468179.35|
|E990|4|
|9001|0|
|9900|0000|1|
|9900|0001|1|
|9900|0005|1|
|9900|0150|5|
|9900|0990|1|
|9900|9001|1|
|9900|C001|1|
|9900|C100|500|
|9900|C170|1492|
|9900|C990|1|
|9900|E001|1|
|9900|E100|1|
|9900|E110|1|
|9900|E990|1|
|9990|17|
|9999|2024|
