|0000|LEIAUTE 17|01032024|31032024|98765432000188|BETA INDUSTRIA METALURGICA SA|MG|222222222222||BELO HORIZONTE|3106200|0|0|
|0001|0|
|0005|BETA INDUSTRIA METALURGICA SA|XX.XXX.XXX/XXXX-XX|98765432000188|contato@empresa.com.br|(11) 0000-0000|
|0150|55512312300010|FORNECEDOR NACIONAL LTDA|SP|444444444444||||55512312300010||
|0150|77788899000177|CLIENTE VAREJO SA|RJ|555555555555||||77788899000177||
|0150|33366699000100|DISTRIBUIDORA CENTRO OESTE|GO|666666666666||||33366699000100||
|0150|22244466000133|INDUSTRIA DO NORTE LTDA|PA|777777777777||||22244466000133||
|0150|99900011000155|ATACADO SUL COMERCIO|SC|888888888888||||99900011000155||
|0990|9|
|C001|0|
|C100|1|0|98765432000188|55|00|000000001|000|15032024|17032024|50207.29|0.00|0.00|0.00|0.00|0.00|0.00|0.00|0.00|0.00|0|99900011000155|
|C170|1|PROD008|CONJUNTO MONTADO H|27.08|UN|22296.59|5401|30|0.00|12.00|0.00|0.00|0.00|0.00|0.00|0.00|0.00|
|C170|2|PROD008|CONJUNTO MONTADO H|28.27|UN|27910.70|5401|41|0.00|12.00|0.00|0.00|0.00|0.00|0.00|0.00|0.00|
|C100|1|0|98765432000188|55|00|000000002|000|10032024|12032024|789.19|398.55|47.83|0.00|0.00|0.00|0.00|0.00|0.00|0.00|0|33366699000100|
|C170|1|PROD006|EMBALAGEM PADRAO F|45.30|UN|346.06|5102|40|0.00|12.00|0.00|0.00|0.00|0.00|0.00|0.00|0.00|
|C170|2|PROD007|PARTE SOBRESSALENTE G|2.81|UN|443.13|5102|00|398.55|12.00|47.83|0.00|0.00|0.00|0.00|0.00|0.00|
|C100|1|0|98765432000188|55|00|000000003|000|08032024|11032024|32354.51|27459.36|3295.12|0.00|0.00|0.00|0.00|0.00|0.00|0.00|0|33366699000100|
|C170|1|PROD004|PRODUTO ACABADO D|36.05|UN|29341.19|6101|00|27459.36|12.00|3295.12|0.00|0.00|0.00|0.00|0.00|0.00|
|C170|2|PROD007|PARTE SOBRESSALENTE G|1.64|UN|168.45|6101|40|0.00|12.00|0.00|0.00|0.00|0.00|0.00|0.00|0.00|
|C170|3|PROD001|PECA MECANICA TIPO A|32.47|UN|2844.87|6101|41|0.00|12.00|0.00|0.00|0.00|0.00|0.00|0.00|0.00|
|C100|1|0|98765432000188|55|00|000000004|000|28032024|29032024|9125.94|6474.78|776.97|0.00|0.00|0.00|0.00|0.00|0.00|0.00|0|77788899000177|
|C170|1|PROD006|EMBALAGEM PADRAO F|44.98|UN|275.26|5401|41|0.00|12.00|0.00|0.00|0.00|0.00|0.00|0.00|0.00|
|C170|2|PROD006|EMBALAGEM PADRAO F|21.90|UN|171.24|5401|00|158.99|12.00|19.08|0.00|0.00|0.00|0.00|0.00|0.00|
|C170|3|PROD003|MATERIAL BRUTO C|30.82|UN|6367.92|5401|00|6315.79|12.00|757.89|0.00|0.00|0.00|0.00|0.00|0.00|
|C170|4|PROD007|PARTE SOBRESSALENTE G|21.93|UN|2311.52|5401|60|0.00|12.00|0.00|0.00|0.00|0.00|0.00|0.00|0.00|
|C100|1|0|98765432000188|55|00|000000005|000|17032024|18032024|35051.18|31443.80|3773.25|0.00|0.00|0.00|0.00|0.00|0.00|0.00|0|22244466000133|
|C170|1|PROD002|COMPONENTE ELETRICO B|28.07|UN|2008.12|6102|00|1953.29|12.00|234.39|0.00|0.00|0.00|0.00|0.00|0.00|
|C170|2|PROD003|MATERIAL BRUTO C|13.28|UN|3927.20|6102|00|3726.34|12.00|447.16|0.00|0.00|0.00|0.00|0.00|0.00|
|C170|3|PROD004|PRODUTO ACABADO D|36.37|UN|29115.86|6102|00|25764.17|12.00|3091.70|0.00|0.00|0.00|0.00|0.00|0.00|
|C100|1|0|98765432000188|55|00|000000006|000|18032024|21032024|70516.17|65521.61|7862.59|0.00|0.00|0.00|0.00|0.00|0.00|0.00|0|99900011000155|
|C170|1|PROD008|CONJUNTO MONTADO H|30.53|UN|21855.92|5102|00|19421.68|12.00|2330.60|0.00|0.00|0.00|0.00|0.00|0.00|
|C170|2|PROD002|COMPONENTE ELETRICO B|30.75|UN|1584.29|5102|00|1490.43|12.00|178.85|0.00|0.00|0.00|0.00|0.00|0.00|
|C170|3|PROD003|MATERIAL BRUTO C|20.82|UN|5196.13|5102|00|4952.43|12.00|594.29|0.00|0.00|0.00|0.00|0.00|0.00|
|C170|4|PROD008|CONJUNTO MONTADO H|35.77|UN|30624.33|5102|00|29075.34|12.00|3489.04|0.00|0.00|0.00|0.00|0.00|0.00|
|C170|5|PROD008|CONJUNTO MONTADO H|10.87|UN|11255.50|5102|20|10581.73|12.00|1269.81|0.00|0.00|0.00|0.00|0.00|0.00|
|C100|1|0|98765432000188|55|00|000000007|000|20032024|20032024|35940.78|5376.49|645.18|0.00|0.00|0.00|0.00|0.00|0.00|0.00|0|55512312300010|
|C170|1|PROD006|EMBALAGEM PADRAO F|35.83|UN|338.94|5401|00|336.98|12.00|40.44|0.00|0.00|0.00|0.00|0.00|0.00|
|C170|2|PROD005|INSUMO INDUSTRIAL E|46.56|UN|1046.78|5401|10|917.92|12.00|110.15|0.00|0.00|0.00|0.00|0.00|0.00|
|C170|3|PROD008|CONJUNTO MONTADO H|26.86|UN|30141.09|5401|40|0.00|12.00|0.00|0.00|0.00|0.00|0.00|0.00|0.00|
|C170|4|PROD001|PECA MECANICA TIPO A|13.32|UN|921.08|5401|00|811.76|12.00|97.41|0.00|0.00|0.00|0.00|0.00|0.00|
|C170|5|PROD001|PECA MECANICA TIPO A|39.16|UN|3492.89|5401|00|3309.83|12.00|397.18|0.00|0.00|0.00|0.00|0.00|0.00|
|C100|1|0|98765432000188|55|00|000000008|000|05032024|07032024|8736.38|3218.48|386.23|0.00|0.00|0.00|0.00|0.00|0.00|0.00|0|33366699000100|
|C170|1|PROD007|PARTE SOBRESSALENTE G|41.22|UN|5259.00|5101|50|0.00|12.00|0.00|0.00|0.00|0.00|0.00|0.00|0.00|
|C170|2|PROD003|MATERIAL BRUTO C|3.92|UN|1201.76|5101|00|1113.14|12.00|133.58|0.00|0.00|0.00|0.00|0.00|0.00|
|C170|3|PROD005|INSUMO INDUSTRIAL E|22.91|UN|880.17|5101|10|752.71|12.00|90.33|0.00|0.00|0.00|0.00|0.00|0.00|
|C170|4|PROD002|COMPONENTE ELETRICO B|16.72|UN|1395.45|5101|10|1352.63|12.00|162.32|0.00|0.00|0.00|0.00|0.00|0.00|
|C100|1|0|98765432000188|55|00|000000009|000|23032024|23032024|21035.09|20665.71|2479.89|0.00|0.00|0.00|0.00|0.00|0.00|0.00|0|22244466000133|
|C170|1|PROD004|PRODUTO ACABADO D|11.65|UN|7998.46|6102|00|7964.98|12.00|955.80|0.00|0.00|0.00|0.00|0.00|0.00|
|C170|2|PROD004|PRODUTO ACABADO D|24.12|UN|13036.63|6102|10|12700.73|12.00|1524.09|0.00|0.00|0.00|0.00|0.00|0.00|
|C100|1|0|98765432000188|55|00|000000010|000|24032024|25032024|39828.64|22435.32|2692.24|0.00|0.00|0.00|0.00|0.00|0.00|0.00|0|22244466000133|
|C170|1|PROD003|MATERIAL BRUTO C|39.94|UN|12124.68|5102|90|10786.89|12.00|1294.43|0.00|0.00|0.00|0.00|0.00|0.00|
|C170|2|PROD004|PRODUTO ACABADO D|12.86|UN|8293.80|5102|10|7601.62|12.00|912.19|0.00|0.00|0.00|0.00|0.00|0.00|
|C170|3|PROD001|PECA MECANICA TIPO A|8.94|UN|728.02|5102|10|672.92|12.00|80.75|0.00|0.00|0.00|0.00|0.00|0.00|
|C170|4|PROD003|MATERIAL BRUTO C|10.95|UN|3440.78|5102|00|3373.89|12.00|404.87|0.00|0.00|0.00|0.00|0.00|0.00|
|C170|5|PROD008|CONJUNTO MONTADO H|20.16|UN|15241.36|5102|40|0.00|12.00|0.00|0.00|0.00|0.00|0.00|0.00|0.00|
|C100|1|0|98765432000188|55|00|000000011|000|20032024|23032024|5046.68|0.00|0.00|0.00|0.00|0.00|0.00|0.00|0.00|0.00|0|55512312300010|
|C170|1|PROD008|CONJUNTO MONTADO H|3.95|UN|5046.68|5401|40|0.00|12.00|0.00|0.00|0.00|0.00|0.00|0.00|0.00|
|C100|1|0|98765432000188|55|00|000000012|000|14032024|15032024|8669.24|360.99|43.32|0.00|0.00|0.00|0.00|0.00|0.00|0.00|0|33366699000100|
|C170|1|PROD008|CONJUNTO MONTADO H|7.19|UN|7655.85|6102|40|0.00|12.00|0.00|0.00|0.00|0.00|0.00|0.00|0.00|
|C170|2|PROD006|EMBALAGEM PADRAO F|48.25|UN|401.42|6102|20|360.99|12.00|43.32|0.00|0.00|0.00|0.00|0.00|0.00|
|C170|3|PROD004|PRODUTO ACABADO D|1.01|UN|611.97|6102|70|0.00|12.00|0.00|0.00|0.00|0.00|0.00|0.00|0.00|
|C100|1|0|98765432000188|55|00|000000013|000|25032024|25032024|20059.86|13838.55|1660.63|0.00|0.00|0.00|0.00|0.00|0.00|0.00|0|22244466000133|
|C170|1|PROD001|PECA MECANICA TIPO A|44.03|UN|4603.80|5401|30|0.00|12.00|0.00|0.00|0.00|0.00|0.00|0.00|0.00|
|C170|2|PROD002|COMPONENTE ELETRICO B|39.31|UN|2083.43|5401|10|2025.00|12.00|243.00|0.00|0.00|0.00|0.00|0.00|0.00|
|C170|3|PROD003|MATERIAL BRUTO C|38.80|UN|13372.63|5401|00|11813.55|12.00|1417.63|0.00|0.00|0.00|0.00|0.00|0.00|
|C100|1|0|98765432000188|55|00|000000014|000|16032024|18032024|20533.85|15342.67|1841.12|0.00|0.00|0.00|0.00|0.00|0.00|0.00|0|22244466000133|
|C170|1|PROD004|PRODUTO ACABADO D|17.71|UN|15868.52|5403|00|15342.67|12.00|1841.12|0.00|0.00|0.00|0.00|0.00|0.00|
|C170|2|PROD007|PARTE SOBRESSALENTE G|29.62|UN|4665.33|5403|41|0.00|12.00|0.00|0.00|0.00|0.00|0.00|0.00|0.00|
|C100|1|0|98765432000188|55|00|000000015|000|08032024|11032024|14774.28|12478.86|1497.46|0.00|0.00|0.00|0.00|0.00|0.00|0.00|0|99900011000155|
|C170|1|PROD003|MATERIAL BRUTO C|34.61|UN|11364.96|5401|00|9717.54|12.00|1166.10|0.00|0.00|0.00|0.00|0.00|0.00|
|C170|2|PROD002|COMPONENTE ELETRICO B|13.60|UN|602.26|5401|51|544.27|12.00|65.31|0.00|0.00|0.00|0.00|0.00|0.00|
|C170|3|PROD006|EMBALAGEM PADRAO F|43.94|UN|434.57|5401|40|0.00|12.00|0.00|0.00|0.00|0.00|0.00|0.00|0.00|
|C170|4|PROD006|EMBALAGEM PADRAO F|48.94|UN|487.47|5401|90|419.33|12.00|50.32|0.00|0.00|0.00|0.00|0.00|0.00|
|C170|5|PROD002|COMPONENTE ELETRICO B|28.55|UN|1885.02|5401|10|1797.72|12.00|215.73|0.00|0.00|0.00|0.00|0.00|0.00|
|C100|1|0|98765432000188|55|00|000000016|000|06032024|09032024|11940.53|6135.91|736.31|0.00|0.00|0.00|0.00|0.00|0.00|0.00|0|99900011000155|
|C170|1|PROD007|PARTE SOBRESSALENTE G|36.41|UN|5435.95|5101|30|0.00|12.00|0.00|0.00|0.00|0.00|0.00|0.00|0.00|
|C170|2|PROD005|INSUMO INDUSTRIAL E|4.08|UN|157.54|5101|41|0.00|12.00|0.00|0.00|0.00|0.00|0.00|0.00|0.00|
|C170|3|PROD003|MATERIAL BRUTO C|26.37|UN|6347.04|5101|90|6135.91|12.00|736.31|0.00|0.00|0.00|0.00|0.00|0.00|
|C100|1|0|98765432000188|55|00|000000017|000|01032024|02032024|49897.58|238.54|28.62|0.00|0.00|0.00|0.00|0.00|0.00|0.00|0|77788899000177|
|C170|1|PROD006|EMBALAGEM PADRAO F|43.77|UN|273.12|6101|00|238.54|12.00|28.62|0.00|0.00|0.00|0.00|0.00|0.00|
|C170|2|PROD004|PRODUTO ACABADO D|44.95|UN|39078.09|6101|50|0.00|12.00|0.00|0.00|0.00|0.00|0.00|0.00|0.00|
|C170|3|PROD006|EMBALAGEM PADRAO F|27.25|UN|137.59|6101|40|0.00|12.00|0.00|0.00|0.00|0.00|0.00|0.00|0.00|
|C170|4|PROD005|INSUMO INDUSTRIAL E|26.26|UN|667.08|6101|40|0.00|12.00|0.00|0.00|0.00|0.00|0.00|0.00|0.00|
|C170|5|PROD003|MATERIAL BRUTO C|31.76|UN|9741.70|6101|40|0.00|12.00|0.00|0.00|0.00|0.00|0.00|0.00|0.00|
|C100|1|0|98765432000188|55|00|000000018|000|02032024|05032024|40717.01|37297.24|4475.67|0.00|0.00|0.00|0.00|0.00|0.00|0.00|0|99900011000155|
|C170|1|PROD008|CONJUNTO MONTADO H|46.97|UN|38600.77|5403|00|35353.65|12.00|4242.44|0.00|0.00|0.00|0.00|0.00|0.00|
|C170|2|PROD007|PARTE SOBRESSALENTE G|23.80|UN|2116.24|5403|20|1943.59|12.00|233.23|0.00|0.00|0.00|0.00|0.00|0.00|
|C100|1|0|98765432000188|55|00|000000019|000|26032024|26032024|15001.24|11791.22|1414.94|0.00|0.00|0.00|0.00|0.00|0.00|0.00|0|22244466000133|
|C170|1|PROD001|PECA MECANICA TIPO A|11.37|UN|1310.62|5401|50|0.00|12.00|0.00|0.00|0.00|0.00|0.00|0.00|0.00|
|C170|2|PROD008|CONJUNTO MONTADO H|12.49|UN|13358.52|5401|20|11481.09|12.00|1377.73|0.00|0.00|0.00|0.00|0.00|0.00|
|C170|3|PROD002|COMPONENTE ELETRICO B|1.98|UN|129.27|5401|00|111.34|12.00|13.36|0.00|0.00|0.00|0.00|0.00|0.00|
|C170|4|PROD006|EMBALAGEM PADRAO F|34.85|UN|202.83|5401|20|198.79|12.00|23.85|0.00|0.00|0.00|0.00|0.00|0.00|
|C100|1|0|98765432000188|55|00|000000020|000|14032024|15032024|1707.51|1595.11|191.42|0.00|0.00|0.00|0.00|0.00|0.00|0.00|0|55512312300010|
|C170|1|PROD005|INSUMO INDUSTRIAL E|22.15|UN|858.42|5401|10|850.14|12.00|102.02|0.00|0.00|0.00|0.00|0.00|0.00|
|C170|2|PROD005|INSUMO INDUSTRIAL E|4.72|UN|88.53|5401|10|82.81|12.00|9.94|0.00|0.00|0.00|0.00|0.00|0.00|
|C170|3|PROD006|EMBALAGEM PADRAO F|31.83|UN|199.57|5401|00|181.75|12.00|21.81|0.00|0.00|0.00|0.00|0.00|0.00|
|C170|4|PROD006|EMBALAGEM PADRAO F|48.78|UN|560.99|5401|20|480.41|12.00|57.65|0.00|0.00|0.00|0.00|0.00|0.00|
|C100|1|0|98765432000188|55|00|000000021|000|04032024|07032024|237.80|207.16|24.86|0.00|0.00|0.00|0.00|0.00|0.00|0.00|0|22244466000133|
|C170|1|PROD006|EMBALAGEM PADRAO F|26.42|UN|237.80|5403|20|207.16|12.00|24.86|0.00|0.00|0.00|0.00|0.00|0.00|
|C100|1|0|98765432000188|55|00|000000022|000|18032024|20032024|8139.82|7813.25|937.59|0.00|0.00|0.00|0.00|0.00|0.00|0.00|0|22244466000133|
|C170|1|PROD002|COMPONENTE ELETRICO B|8.41|UN|485.12|6102|90|414.24|12.00|49.71|0.00|0.00|0.00|0.00|0.00|0.00|
|C170|2|PROD003|MATERIAL BRUTO C|31.39|UN|7654.70|6102|00|7399.01|12.00|887.88|0.00|0.00|0.00|0.00|0.00|0.00|
|C100|1|0|98765432000188|55|00|000000023|000|09032024|11032024|69780.29|64382.53|7725.91|0.00|0.00|0.00|0.00|0.00|0.00|0.00|0|77788899000177|
|C170|1|PROD008|CONJUNTO MONTADO H|43.73|UN|53752.73|5401|90|48478.47|12.00|5817.42|0.00|0.00|0.00|0.00|0.00|0.00|
|C170|2|PROD004|PRODUTO ACABADO D|16.42|UN|16027.56|5401|51|15904.06|12.00|1908.49|0.00|0.00|0.00|0.00|0.00|0.00|
|C100|1|0|98765432000188|55|00|000000024|000|04032024|06032024|6073.07|5657.94|678.96|0.00|0.00|0.00|0.00|0.00|0.00|0.00|0|99900011000155|
|C170|1|PROD001|PECA MECANICA TIPO A|22.30|UN|1852.35|5101|20|1759.96|12.00|211.20|0.00|0.00|0.00|0.00|0.00|0.00|
|C170|2|PROD005|INSUMO INDUSTRIAL E|10.67|UN|410.95|5101|00|398.21|12.00|47.79|0.00|0.00|0.00|0.00|0.00|0.00|
|C170|3|PROD001|PECA MECANICA TIPO A|20.17|UN|2227.67|5101|10|2078.48|12.00|249.42|0.00|0.00|0.00|0.00|0.00|0.00|
|C170|4|PROD007|PARTE SOBRESSALENTE G|10.46|UN|1582.10|5101|00|1421.29|12.00|170.55|0.00|0.00|0.00|0.00|0.00|0.00|
|C100|1|0|98765432000188|55|00|000000025|000|28032024|29032024|7240.36|3680.08|441.61|0.00|0.00|0.00|0.00|0.00|0.00|0.00|0|55512312300010|
|C170|1|PROD002|COMPONENTE ELETRICO B|37.62|UN|3128.48|5401|50|0.00|12.00|0.00|0.00|0.00|0.00|0.00|0.00|0.00|
|C170|2|PROD008|CONJUNTO MONTADO H|5.34|UN|4111.88|5401|10|3680.08|12.00|441.61|0.00|0.00|0.00|0.00|0.00|0.00|
|C100|1|0|98765432000188|55|00|000000026|000|15032024|17032024|8680.09|0.00|0.00|0.00|0.00|0.00|0.00|0.00|0.00|0.00|0|22244466000133|
|C170|1|PROD003|MATERIAL BRUTO C|29.85|UN|8680.09|6101|50|0.00|12.00|0.00|0.00|0.00|0.00|0.00|0.00|0.00|
|C100|1|0|98765432000188|55|00|000000027|000|16032024|16032024|184.42|0.00|0.00|0.00|0.00|0.00|0.00|0.00|0.00|0.00|0|22244466000133|
|C170|1|PROD006|EMBALAGEM PADRAO F|24.52|UN|184.42|5102|30|0.00|12.00|0.00|0.00|0.00|0.00|0.00|0.00|0.00|
|C100|1|0|98765432000188|55|00|000000028|000|12032024|13032024|1606.78|1455.16|174.62|0.00|0.00|0.00|0.00|0.00|0.00|0.00|0|77788899000177|
|C170|1|PROD001|PECA MECANICA TIPO A|14.02|UN|1606.78|5102|10|1455.16|12.00|174.62|0.00|0.00|0.00|0.00|0.00|0.00|
|C100|1|0|98765432000188|55|00|000000029|000|26032024|29032024|36134.40|35355.46|4242.66|0.00|0.00|0.00|0.00|0.00|0.00|0.00|0|77788899000177|
|C170|1|PROD005|INSUMO INDUSTRIAL E|12.53|UN|401.90|5403|50|0.00|12.00|0.00|0.00|0.00|0.00|0.00|0.00|0.00|
|C170|2|PROD006|EMBALAGEM PADRAO F|49.17|UN|353.01|5403|10|330.75|12.00|39.69|0.00|0.00|0.00|0.00|0.00|0.00|
|C170|3|PROD008|CONJUNTO MONTADO H|43.94|UN|31693.17|5403|20|31477.48|12.00|3777.30|0.00|0.00|0.00|0.00|0.00|0.00|
|C170|4|PROD002|COMPONENTE ELETRICO B|37.83|UN|2765.98|5403|51|2666.97|12.00|320.04|0.00|0.00|0.00|0.00|0.00|0.00|
|C170|5|PROD005|INSUMO INDUSTRIAL E|28.66|UN|920.34|5403|10|880.26|12.00|105.63|0.00|0.00|0.00|0.00|0.00|0.00|
|C100|1|0|98765432000188|55|00|000000030|000|09032024|10032024|2802.81|277.35|33.28|0.00|0.00|0.00|0.00|0.00|0.00|0.00|0|55512312300010|
|C170|1|PROD002|COMPONENTE ELETRICO B|4.74|UN|302.44|6101|00|277.35|12.00|33.28|0.00|0.00|0.00|0.00|0.00|0.00|
|C170|2|PROD005|INSUMO INDUSTRIAL E|47.89|UN|1548.86|6101|41|0.00|12.00|0.00|0.00|0.00|0.00|0.00|0.00|0.00|
|C170|3|PROD002|COMPONENTE ELETRICO B|17.72|UN|951.51|6101|40|0.00|12.00|0.00|0.00|0.00|0.00|0.00|0.00|0.00|
|C100|1|0|98765432000188|55|00|000000031|000|29032024|30032024|34480.76|25525.05|3063.00|0.00|0.00|0.00|0.00|0.00|0.00|0.00|0|99900011000155|
|C170|1|PROD005|INSUMO INDUSTRIAL E|46.62|UN|970.67|5101|00|911.27|12.00|109.35|0.00|0.00|0.00|0.00|0.00|0.00|
|C170|2|PROD002|COMPONENTE ELETRICO B|25.76|UN|1605.04|5101|50|0.00|12.00|0.00|0.00|0.00|0.00|0.00|0.00|0.00|
|C170|3|PROD004|PRODUTO ACABADO D|30.20|UN|27186.67|5101|00|24613.78|12.00|2953.65|0.00|0.00|0.00|0.00|0.00|0.00|
|C170|4|PROD007|PARTE SOBRESSALENTE G|1.13|UN|150.12|5101|41|0.00|12.00|0.00|0.00|0.00|0.00|0.00|0.00|0.00|
|C170|5|PROD001|PECA MECANICA TIPO A|48.85|UN|4568.26|5101|70|0.00|12.00|0.00|0.00|0.00|0.00|0.00|0.00|0.00|
|C100|1|0|98765432000188|55|00|000000032|000|14032024|14032024|40033.98|31910.27|3829.23|0.00|0.00|0.00|0.00|0.00|0.00|0.00|0|22244466000133|
|C170|1|PROD008|CONJUNTO MONTADO H|12.64|UN|11591.29|5403|90|9906.15|12.00|1188.74|0.00|0.00|0.00|0.00|0.00|0.00|
|C170|2|PROD001|PECA MECANICA TIPO A|43.36|UN|3159.42|5403|90|2813.51|12.00|337.62|0.00|0.00|0.00|0.00|0.00|0.00|
|C170|3|PROD006|EMBALAGEM PADRAO F|21.58|UN|110.49|5403|50|0.00|12.00|0.00|0.00|0.00|0.00|0.00|0.00|0.00|
|C170|4|PROD004|PRODUTO ACABADO D|38.67|UN|21535.11|5403|51|19190.61|12.00|2302.87|0.00|0.00|0.00|0.00|0.00|0.00|
|C170|5|PROD001|PECA MECANICA TIPO A|45.97|UN|3637.67|5403|60|0.00|12.00|0.00|0.00|0.00|0.00|0.00|0.00|0.00|
|C100|1|0|98765432000188|55|00|000000033|000|09032024|10032024|71.38|66.82|8.02|0.00|0.00|0.00|0.00|0.00|0.00|0.00|0|22244466000133|
|C170|1|PROD006|EMBALAGEM PADRAO F|6.28|UN|71.38|5102|10|66.82|12.00|8.02|0.00|0.00|0.00|0.00|0.00|0.00|
|C100|1|0|98765432000188|55|00|000000034|000|21032024|22032024|3363.16|3049.85|365.98|0.00|0.00|0.00|0.00|0.00|0.00|0.00|0|99900011000155|
|C170|1|PROD007|PARTE SOBRESSALENTE G|24.23|UN|3363.16|6101|00|3049.85|12.00|365.98|0.00|0.00|0.00|0.00|0.00|0.00|
|C100|1|0|98765432000188|55|00|000000035|000|26032024|26032024|874.17|868.17|104.18|0.00|0.00|0.00|0.00|0.00|0.00|0.00|0|99900011000155|
|C170|1|PROD002|COMPONENTE ELETRICO B|15.35|UN|874.17|6101|20|868.17|12.00|104.18|0.00|0.00|0.00|0.00|0.00|0.00|
|C100|1|0|98765432000188|55|00|000000036|000|05032024|05032024|7765.10|7176.60|861.19|0.00|0.00|0.00|0.00|0.00|0.00|0.00|0|99900011000155|
|C170|1|PROD003|MATERIAL BRUTO C|2.34|UN|775.23|5401|00|754.82|12.00|90.58|0.00|0.00|0.00|0.00|0.00|0.00|
|C170|2|PROD006|EMBALAGEM PADRAO F|1.67|UN|17.14|5401|10|17.09|12.00|2.05|0.00|0.00|0.00|0.00|0.00|0.00|
|C170|3|PROD007|PARTE SOBRESSALENTE G|33.42|UN|5320.46|5401|20|5020.44|12.00|602.45|0.00|0.00|0.00|0.00|0.00|0.00|
|C170|4|PROD001|PECA MECANICA TIPO A|15.31|UN|1417.28|5401|10|1384.25|12.00|166.11|0.00|0.00|0.00|0.00|0.00|0.00|
|C170|5|PROD005|INSUMO INDUSTRIAL E|10.59|UN|234.99|5401|40|0.00|12.00|0.00|0.00|0.00|0.00|0.00|0.00|0.00|
|C100|1|0|98765432000188|55|00|000000037|000|05032024|05032024|127405.46|51030.15|6123.62|0.00|0.00|0.00|0.00|0.00|0.00|0.00|0|77788899000177|
|C170|1|PROD004|PRODUTO ACABADO D|49.24|UN|43315.06|5101|10|37981.25|12.00|4557.75|0.00|0.00|0.00|0.00|0.00|0.00|
|C170|2|PROD008|CONJUNTO MONTADO H|38.78|UN|53352.22|5101|40|0.00|12.00|0.00|0.00|0.00|0.00|0.00|0.00|0.00|
|C170|3|PROD003|MATERIAL BRUTO C|46.43|UN|14000.69|5101|90|13048.90|12.00|1565.87|0.00|0.00|0.00|0.00|0.00|0.00|
|C170|4|PROD003|MATERIAL BRUTO C|43.06|UN|12791.30|5101|40|0.00|12.00|0.00|0.00|0.00|0.00|0.00|0.00|0.00|
|C170|5|PROD007|PARTE SOBRESSALENTE G|48.48|UN|3946.19|5101|41|0.00|12.00|0.00|0.00|0.00|0.00|0.00|0.00|0.00|
|C100|1|0|98765432000188|55|00|000000038|000|16032024|16032024|52192.58|22857.42|2742.89|0.00|0.00|0.00|0.00|0.00|0.00|0.00|0|99900011000155|
|C170|1|PROD003|MATERIAL BRUTO C|49.55|UN|14986.48|5401|40|0.00|12.00|0.00|0.00|0.00|0.00|0.00|0.00|0.00|
|C170|2|PROD008|CONJUNTO MONTADO H|11.31|UN|13592.53|5401|00|12232.61|12.00|1467.91|0.00|0.00|0.00|0.00|0.00|0.00|
|C170|3|PROD003|MATERIAL BRUTO C|38.47|UN|12846.08|5401|41|0.00|12.00|0.00|0.00|0.00|0.00|0.00|0.00|0.00|
|C170|4|PROD003|MATERIAL BRUTO C|33.94|UN|10767.49|5401|00|10624.81|12.00|1274.98|0.00|0.00|0.00|0.00|0.00|0.00|
|C100|1|0|98765432000188|55|00|000000039|000|07032024|09032024|13094.20|10784.76|1294.17|0.00|0.00|0.00|0.00|0.00|0.00|0.00|0|99900011000155|
|C170|1|PROD001|PECA MECANICA TIPO A|20.43|UN|2121.04|5102|20|2021.53|12.00|242.58|0.00|0.00|0.00|0.00|0.00|0.00|
|C170|2|PROD001|PECA MECANICA TIPO A|31.60|UN|3079.95|5102|10|2651.45|12.00|318.17|0.00|0.00|0.00|0.00|0.00|0.00|
|C170|3|PROD005|INSUMO INDUSTRIAL E|25.86|UN|969.27|5102|40|0.00|12.00|0.00|0.00|0.00|0.00|0.00|0.00|0.00|
|C170|4|PROD007|PARTE SOBRESSALENTE G|42.67|UN|4706.94|5102|51|4031.15|12.00|483.74|0.00|0.00|0.00|0.00|0.00|0.00|
|C170|5|PROD001|PECA MECANICA TIPO A|35.06|UN|2217.00|5102|00|2080.63|12.00|249.68|0.00|0.00|0.00|0.00|0.00|0.00|
|C100|1|0|98765432000188|55|00|000000040|000|26032024|27032024|14538.84|12114.71|1453.76|0.00|0.00|0.00|0.00|0.00|0.00|0.00|0|55512312300010|
|C170|1|PROD007|PARTE SOBRESSALENTE G|48.07|UN|4018.88|5401|20|3545.27|12.00|425.43|0.00|0.00|0.00|0.00|0.00|0.00|
|C170|2|PROD003|MATERIAL BRUTO C|24.10|UN|7537.73|5401|00|6823.40|12.00|818.81|0.00|0.00|0.00|0.00|0.00|0.00|
|C170|3|PROD005|INSUMO INDUSTRIAL E|28.04|UN|840.55|5401|40|0.00|12.00|0.00|0.00|0.00|0.00|0.00|0.00|0.00|
|C170|4|PROD002|COMPONENTE ELETRICO B|34.70|UN|2032.09|5401|00|1746.04|12.00|209.52|0.00|0.00|0.00|0.00|0.00|0.00|
|C170|5|PROD006|EMBALAGEM PADRAO F|13.35|UN|109.59|5401|40|0.00|12.00|0.00|0.00|0.00|0.00|0.00|0.00|0.00|
|C100|1|0|98765432000188|55|00|000000041|000|09032024|09032024|53940.05|50048.32|6005.81|0.00|0.00|0.00|0.00|0.00|0.00|0.00|0|77788899000177|
|C170|1|PROD003|MATERIAL BRUTO C|4.52|UN|973.12|6102|40|0.00|12.00|0.00|0.00|0.00|0.00|0.00|0.00|0.00|
|C170|2|PROD006|EMBALAGEM PADRAO F|35.77|UN|197.42|6102|51|167.88|12.00|20.15|0.00|0.00|0.00|0.00|0.00|0.00|
|C170|3|PROD008|CONJUNTO MONTADO H|48.45|UN|51369.99|6102|10|49275.30|12.00|5913.04|0.00|0.00|0.00|0.00|0.00|0.00|
|C170|4|PROD001|PECA MECANICA TIPO A|6.35|UN|695.34|6102|90|605.14|12.00|72.62|0.00|0.00|0.00|0.00|0.00|0.00|
|C170|5|PROD001|PECA MECANICA TIPO A|10.42|UN|704.18|6102|60|0.00|12.00|0.00|0.00|0.00|0.00|0.00|0.00|0.00|
|C100|1|0|98765432000188|55|00|000000042|000|28032024|30032024|9894.36|4653.88|558.47|0.00|0.00|0.00|0.00|0.00|0.00|0.00|0|55512312300010|
|C170|1|PROD002|COMPONENTE ELETRICO B|29.04|UN|1104.57|6102|50|0.00|12.00|0.00|0.00|0.00|0.00|0.00|0.00|0.00|
|C170|2|PROD003|MATERIAL BRUTO C|22.14|UN|5329.04|6102|00|4653.88|12.00|558.47|0.00|0.00|0.00|0.00|0.00|0.00|
|C170|3|PROD002|COMPONENTE ELETRICO B|48.09|UN|3460.75|6102|41|0.00|12.00|0.00|0.00|0.00|0.00|0.00|0.00|0.00|
|C100|1|0|98765432000188|55|00|000000043|000|18032024|21032024|3224.93|2902.43|348.29|0.00|0.00|0.00|0.00|0.00|0.00|0.00|0|99900011000155|
|C170|1|PROD008|CONJUNTO MONTADO H|3.87|UN|3224.93|5101|00|2902.43|12.00|348.29|0.00|0.00|0.00|0.00|0.00|0.00|
|C100|1|0|98765432000188|55|00|000000044|000|09032024|09032024|5166.68|0.00|0.00|0.00|0.00|0.00|0.00|0.00|0.00|0.00|0|99900011000155|
|C170|1|PROD001|PECA MECANICA TIPO A|12.47|UN|842.44|5403|40|0.00|12.00|0.00|0.00|0.00|0.00|0.00|0.00|0.00|
|C170|2|PROD001|PECA MECANICA TIPO A|30.35|UN|3109.35|5403|60|0.00|12.00|0.00|0.00|0.00|0.00|0.00|0.00|0.00|
|C170|3|PROD007|PARTE SOBRESSALENTE G|7.64|UN|1024.96|5403|50|0.00|12.00|0.00|0.00|0.00|0.00|0.00|0.00|0.00|
|C170|4|PROD005|INSUMO INDUSTRIAL E|7.45|UN|189.93|5403|41|0.00|12.00|0.00|0.00|0.00|0.00|0.00|0.00|0.00|
|C100|1|0|98765432000188|55|00|000000045|000|10032024|10032024|413.63|394.77|47.37|0.00|0.00|0.00|0.00|0.00|0.00|0.00|0|99900011000155|
|C170|1|PROD001|PECA MECANICA TIPO A|4.15|UN|413.63|6102|00|394.77|12.00|47.37|0.00|0.00|0.00|0.00|0.00|0.00|
|C100|1|0|98765432000188|55|00|000000046|000|14032024|17032024|26901.59|15544.96|1865.39|0.00|0.00|0.00|0.00|0.00|0.00|0.00|0|55512312300010|
|C170|1|PROD003|MATERIAL BRUTO C|45.38|UN|10346.87|6101|30|0.00|12.00|0.00|0.00|0.00|0.00|0.00|0.00|0.00|
|C170|2|PROD003|MATERIAL BRUTO C|32.71|UN|11371.63|6101|00|10527.19|12.00|1263.26|0.00|0.00|0.00|0.00|0.00|0.00|
|C170|3|PROD008|CONJUNTO MONTADO H|5.87|UN|5101.23|6101|00|5017.77|12.00|602.13|0.00|0.00|0.00|0.00|0.00|0.00|
|C170|4|PROD006|EMBALAGEM PADRAO F|9.59|UN|81.86|6101|40|0.00|12.00|0.00|0.00|0.00|0.00|0.00|0.00|0.00|
|C100|1|0|98765432000188|55|00|000000047|000|22032024|22032024|22793.50|1271.50|152.58|0.00|0.00|0.00|0.00|0.00|0.00|0.00|0|33366699000100|
|C170|1|PROD005|INSUMO INDUSTRIAL E|36.79|UN|1325.14|5401|00|1271.50|12.00|152.58|0.00|0.00|0.00|0.00|0.00|0.00|
|C170|2|PROD008|CONJUNTO MONTADO H|18.99|UN|21468.36|5401|60|0.00|12.00|0.00|0.00|0.00|0.00|0.00|0.00|0.00|
|C100|1|0|98765432000188|55|00|000000048|000|06032024|06032024|80632.36|5472.46|656.69|0.00|0.00|0.00|0.00|0.00|0.00|0.00|0|33366699000100|
|C170|1|PROD002|COMPONENTE ELETRICO B|35.31|UN|2011.79|5403|20|1997.76|12.00|239.73|0.00|0.00|0.00|0.00|0.00|0.00|
|C170|2|PROD002|COMPONENTE ELETRICO B|6.99|UN|229.16|5403|70|0.00|12.00|0.00|0.00|0.00|0.00|0.00|0.00|0.00|
|C170|3|PROD008|CONJUNTO MONTADO H|29.57|UN|39662.65|5403|60|0.00|12.00|0.00|0.00|0.00|0.00|0.00|0.00|0.00|
|C170|4|PROD004|PRODUTO ACABADO D|37.32|UN|34871.99|5403|40|0.00|12.00|0.00|0.00|0.00|0.00|0.00|0.00|0.00|
|C170|5|PROD001|PECA MECANICA TIPO A|37.64|UN|3856.77|5403|00|3474.70|12.00|416.96|0.00|0.00|0.00|0.00|0.00|0.00|
|C100|1|0|98765432000188|55|00|000000049|000|18032024|20032024|4538.22|2112.08|253.45|0.00|0.00|0.00|0.00|0.00|0.00|0.00|0|55512312300010|
|C170|1|PROD006|EMBALAGEM PADRAO F|21.79|UN|146.61|6101|10|127.65|12.00|15.32|0.00|0.00|0.00|0.00|0.00|0.00|
|C170|2|PROD007|PARTE SOBRESSALENTE G|24.71|UN|2230.51|6101|10|1984.43|12.00|238.13|0.00|0.00|0.00|0.00|0.00|0.00|
|C170|3|PROD002|COMPONENTE ELETRICO B|26.70|UN|2161.10|6101|40|0.00|12.00|0.00|0.00|0.00|0.00|0.00|0.00|0.00|
|C100|1|0|98765432000188|55|00|000000050|000|18032024|18032024|3114.38|2779.83|333.57|0.00|0.00|0.00|0.00|0.00|0.00|0.00|0|99900011000155|
|C170|1|PROD001|PECA MECANICA TIPO A|4.73|UN|543.79|6102|90|493.54|12.00|59.22|0.00|0.00|0.00|0.00|0.00|0.00|
|C170|2|PROD002|COMPONENTE ELETRICO B|38.97|UN|2570.59|6102|00|2286.29|12.00|274.35|0.00|0.00|0.00|0.00|0.00|0.00|
|C100|1|0|98765432000188|55|00|000000051|000|10032024|12032024|39149.77|10013.90|1201.67|0.00|0.00|0.00|0.00|0.00|0.00|0.00|0|55512312300010|
|C170|1|PROD007|PARTE SOBRESSALENTE G|43.30|UN|3939.46|5403|10|3384.33|12.00|406.12|0.00|0.00|0.00|0.00|0.00|0.00|
|C170|2|PROD008|CONJUNTO MONTADO H|3.96|UN|3158.31|5403|50|0.00|12.00|0.00|0.00|0.00|0.00|0.00|0.00|0.00|
|C170|3|PROD002|COMPONENTE ELETRICO B|11.76|UN|362.71|5403|00|311.89|12.00|37.43|0.00|0.00|0.00|0.00|0.00|0.00|
|C170|4|PROD003|MATERIAL BRUTO C|21.79|UN|7080.22|5403|00|6317.68|12.00|758.12|0.00|0.00|0.00|0.00|0.00|0.00|
|C170|5|PROD008|CONJUNTO MONTADO H|23.78|UN|24609.07|5403|40|0.00|12.00|0.00|0.00|0.00|0.00|0.00|0.00|0.00|
|C100|1|0|98765432000188|55|00|000000052|000|31032024|02042024|58220.05|36210.16|4345.22|0.00|0.00|0.00|0.00|0.00|0.00|0.00|0|55512312300010|
|C170|1|PROD002|COMPONENTE ELETRICO B|7.22|UN|237.58|5401|10|218.56|12.00|26.23|0.00|0.00|0.00|0.00|0.00|0.00|
|C170|2|PROD002|COMPONENTE ELETRICO B|31.52|UN|2073.71|5401|40|0.00|12.00|0.00|0.00|0.00|0.00|0.00|0.00|0.00|
|C170|3|PROD004|PRODUTO ACABADO D|37.07|UN|27751.68|5401|20|24354.17|12.00|2922.50|0.00|0.00|0.00|0.00|0.00|0.00|
|C170|4|PROD004|PRODUTO ACABADO D|20.74|UN|16259.17|5401|40|0.00|12.00|0.00|0.00|0.00|0.00|0.00|0.00|0.00|
|C170|5|PROD008|CONJUNTO MONTADO H|15.98|UN|11897.91|5401|10|11637.43|12.00|1396.49|0.00|0.00|0.00|0.00|0.00|0.00|
|C100|1|0|98765432000188|55|00|000000053|000|26032024|28032024|48937.00|38750.38|4650.05|0.00|0.00|0.00|0.00|0.00|0.00|0.00|0|22244466000133|
|C170|1|PROD004|PRODUTO ACABADO D|21.13|UN|10833.20|6101|00|9392.14|12.00|1127.06|0.00|0.00|0.00|0.00|0.00|0.00|
|C170|2|PROD002|COMPONENTE ELETRICO B|6.19|UN|479.88|6101|20|411.33|12.00|49.36|0.00|0.00|0.00|0.00|0.00|0.00|
|C170|3|PROD004|PRODUTO ACABADO D|47.49|UN|31865.71|6101|00|27303.24|12.00|3276.39|0.00|0.00|0.00|0.00|0.00|0.00|
|C170|4|PROD004|PRODUTO ACABADO D|4.24|UN|3916.14|6101|41|0.00|12.00|0.00|0.00|0.00|0.00|0.00|0.00|0.00|
|C170|5|PROD002|COMPONENTE ELETRICO B|24.70|UN|1842.07|6101|00|1643.67|12.00|197.24|0.00|0.00|0.00|0.00|0.00|0.00|
|C100|1|0|98765432000188|55|00|000000054|000|31032024|02042024|649.46|578.62|69.43|0.00|0.00|0.00|0.00|0.00|0.00|0.00|0|77788899000177|
|C170|1|PROD002|COMPONENTE ELETRICO B|7.78|UN|560.10|6101|00|501.67|12.00|60.20|0.00|0.00|0.00|0.00|0.00|0.00|
|C170|2|PROD006|EMBALAGEM PADRAO F|11.40|UN|89.36|6101|90|76.95|12.00|9.23|0.00|0.00|0.00|0.00|0.00|0.00|
|C100|1|0|98765432000188|55|00|000000055|000|24032024|27032024|51756.03|18820.55|2258.47|0.00|0.00|0.00|0.00|0.00|0.00|0.00|0|22244466000133|
|C170|1|PROD008|CONJUNTO MONTADO H|24.90|UN|19381.38|5401|90|18820.55|12.00|2258.47|0.00|0.00|0.00|0.00|0.00|0.00|
|C170|2|PROD004|PRODUTO ACABADO D|29.42|UN|27386.29|5401|41|0.00|12.00|0.00|0.00|0.00|0.00|0.00|0.00|0.00|
|C170|3|PROD004|PRODUTO ACABADO D|6.77|UN|4988.36|5401|60|0.00|12.00|0.00|0.00|0.00|0.00|0.00|0.00|0.00|
|C100|1|0|98765432000188|55|00|000000056|000|08032024|08032024|33118.15|31033.06|3723.97|0.00|0.00|0.00|0.00|0.00|0.00|0.00|0|77788899000177|
|C170|1|PROD001|PECA MECANICA TIPO A|1.51|UN|118.26|5102|00|107.67|12.00|12.92|0.00|0.00|0.00|0.00|0.00|0.00|
|C170|2|PROD006|EMBALAGEM PADRAO F|9.71|UN|105.64|5102|10|97.87|12.00|11.74|0.00|0.00|0.00|0.00|0.00|0.00|
|C170|3|PROD008|CONJUNTO MONTADO H|36.34|UN|32706.69|5102|10|30649.89|12.00|3677.99|0.00|0.00|0.00|0.00|0.00|0.00|
|C170|4|PROD005|INSUMO INDUSTRIAL E|11.12|UN|187.56|5102|00|177.63|12.00|21.32|0.00|0.00|0.00|0.00|0.00|0.00|
|C100|1|0|98765432000188|55|00|000000057|000|12032024|12032024|10289.75|10251.02|1230.12|0.00|0.00|0.00|0.00|0.00|0.00|0.00|0|22244466000133|
|C170|1|PROD003|MATERIAL BRUTO C|34.99|UN|10289.75|6101|00|10251.02|12.00|1230.12|0.00|0.00|0.00|0.00|0.00|0.00|
|C100|1|0|98765432000188|55|00|000000058|000|17032024|19032024|13850.54|627.57|75.31|0.00|0.00|0.00|0.00|0.00|0.00|0.00|0|22244466000133|
|C170|1|PROD003|MATERIAL BRUTO C|41.44|UN|13098.36|6102|40|0.00|12.00|0.00|0.00|0.00|0.00|0.00|0.00|0.00|
|C170|2|PROD001|PECA MECANICA TIPO A|9.33|UN|666.84|6102|00|627.57|12.00|75.31|0.00|0.00|0.00|0.00|0.00|0.00|
|C170|3|PROD006|EMBALAGEM PADRAO F|11.04|UN|85.34|6102|70|0.00|12.00|0.00|0.00|0.00|0.00|0.00|0.00|0.00|
|C100|1|0|98765432000188|55|00|000000059|000|10032024|13032024|5430.97|4029.83|483.59|0.00|0.00|0.00|0.00|0.00|0.00|0.00|0|33366699000100|
|C170|1|PROD001|PECA MECANICA TIPO A|9.27|UN|781.36|6102|20|689.97|12.00|82.80|0.00|0.00|0.00|0.00|0.00|0.00|
|C170|2|PROD005|INSUMO INDUSTRIAL E|41.36|UN|1138.17|6102|40|0.00|12.00|0.00|0.00|0.00|0.00|0.00|0.00|0.00|
|C170|3|PROD001|PECA MECANICA TIPO A|22.47|UN|1938.04|6102|00|1850.90|12.00|222.11|0.00|0.00|0.00|0.00|0.00|0.00|
|C170|4|PROD001|PECA MECANICA TIPO A|23.68|UN|1573.40|6102|90|1488.96|12.00|178.68|0.00|0.00|0.00|0.00|0.00|0.00|
|C100|1|0|98765432000188|55|00|000000060|000|21032024|21032024|18750.89|12603.63|1512.44|0.00|0.00|0.00|0.00|0.00|0.00|0.00|0|55512312300010|
|C170|1|PROD004|PRODUTO ACABADO D|17.42|UN|13960.84|5401|51|12603.63|12.00|1512.44|0.00|0.00|0.00|0.00|0.00|0.00|
|C170|2|PROD007|PARTE SOBRESSALENTE G|33.43|UN|4271.61|5401|40|0.00|12.00|0.00|0.00|0.00|0.00|0.00|0.00|0.00|
|C170|3|PROD001|PECA MECANICA TIPO A|2.46|UN|202.67|5401|41|0.00|12.00|0.00|0.00|0.00|0.00|0.00|0.00|0.00|
|C170|4|PROD002|COMPONENTE ELETRICO B|3.99|UN|315.77|5401|40|0.00|12.00|0.00|0.00|0.00|0.00|0.00|0.00|0.00|
|C100|1|0|98765432000188|55|00|000000061|000|21032024|23032024|1925.11|475.64|57.08|0.00|0.00|0.00|0.00|0.00|0.00|0.00|0|33366699000100|
|C170|1|PROD001|PECA MECANICA TIPO A|24.76|UN|1418.12|5401|60|0.00|12.00|0.00|0.00|0.00|0.00|0.00|0.00|0.00|
|C170|2|PROD001|PECA MECANICA TIPO A|6.11|UN|506.99|5401|90|475.64|12.00|57.08|0.00|0.00|0.00|0.00|0.00|0.00|
|C100|1|0|98765432000188|55|00|000000062|000|21032024|22032024|29807.16|21173.89|2540.86|0.00|0.00|0.00|0.00|0.00|0.00|0.00|0|55512312300010|
|C170|1|PROD003|MATERIAL BRUTO C|39.62|UN|13361.96|6101|00|13063.86|12.00|1567.66|0.00|0.00|0.00|0.00|0.00|0.00|
|C170|2|PROD004|PRODUTO ACABADO D|6.13|UN|4442.51|6101|40|0.00|12.00|0.00|0.00|0.00|0.00|0.00|0.00|0.00|
|C170|3|PROD002|COMPONENTE ELETRICO B|18.41|UN|876.86|6101|60|0.00|12.00|0.00|0.00|0.00|0.00|0.00|0.00|0.00|
|C170|4|PROD001|PECA MECANICA TIPO A|20.77|UN|2365.74|6101|41|0.00|12.00|0.00|0.00|0.00|0.00|0.00|0.00|0.00|
|C170|5|PROD003|MATERIAL BRUTO C|37.69|UN|8760.09|6101|10|8110.03|12.00|973.20|0.00|0.00|0.00|0.00|0.00|0.00|
|C100|1|0|98765432000188|55|00|000000063|000|26032024|27032024|739.49|656.03|78.72|0.00|0.00|0.00|0.00|0.00|0.00|0.00|0|77788899000177|
|C170|1|PROD002|COMPONENTE ELETRICO B|1.17|UN|54.06|5101|40|0.00|12.00|0.00|0.00|0.00|0.00|0.00|0.00|0.00|
|C170|2|PROD003|MATERIAL BRUTO C|3.06|UN|685.43|5101|10|656.03|12.00|78.72|0.00|0.00|0.00|0.00|0.00|0.00|
|C100|1|0|98765432000188|55|00|000000064|000|24032024|26032024|22405.44|13700.48|1644.06|0.00|0.00|0.00|0.00|0.00|0.00|0.00|0|55512312300010|
|C170|1|PROD004|PRODUTO ACABADO D|9.34|UN|4821.41|6101|40|0.00|12.00|0.00|0.00|0.00|0.00|0.00|0.00|0.00|
|C170|2|PROD005|INSUMO INDUSTRIAL E|49.57|UN|2047.41|6101|40|0.00|12.00|0.00|0.00|0.00|0.00|0.00|0.00|0.00|
|C170|3|PROD004|PRODUTO ACABADO D|17.78|UN|15041.30|6101|90|13225.35|12.00|1587.04|0.00|0.00|0.00|0.00|0.00|0.00|
|C170|4|PROD002|COMPONENTE ELETRICO B|9.79|UN|495.32|6101|00|475.13|12.00|57.02|0.00|0.00|0.00|0.00|0.00|0.00|
|C100|1|0|98765432000188|55|00|000000065|000|13032024|16032024|283.97|0.00|0.00|0.00|0.00|0.00|0.00|0.00|0.00|0.00|0|55512312300010|
|C170|1|PROD006|EMBALAGEM PADRAO F|38.63|UN|283.97|6102|30|0.00|12.00|0.00|0.00|0.00|0.00|0.00|0.00|0.00|
|C100|1|0|98765432000188|55|00|000000066|000|09032024|11032024|9137.02|0.00|0.00|0.00|0.00|0.00|0.00|0.00|0.00|0.00|0|33366699000100|
|C170|1|PROD004|PRODUTO ACABADO D|13.96|UN|7670.64|5102|40|0.00|12.00|0.00|0.00|0.00|0.00|0.00|0.00|0.00|
|C170|2|PROD005|INSUMO INDUSTRIAL E|40.22|UN|1466.38|5102|40|0.00|12.00|0.00|0.00|0.00|0.00|0.00|0.00|0.00|
|C100|1|0|98765432000188|55|00|000000067|000|18032024|21032024|25849.91|23839.71|2860.77|0.00|0.00|0.00|0.00|0.00|0.00|0.00|0|55512312300010|
|C170|1|PROD006|EMBALAGEM PADRAO F|13.00|UN|82.05|5403|50|0.00|12.00|0.00|0.00|0.00|0.00|0.00|0.00|0.00|
|C170|2|PROD003|MATERIAL BRUTO C|6.87|UN|2366.99|5403|20|2056.18|12.00|246.74|0.00|0.00|0.00|0.00|0.00|0.00|
|C170|3|PROD008|CONJUNTO MONTADO H|19.44|UN|21638.91|5403|00|20264.56|12.00|2431.75|0.00|0.00|0.00|0.00|0.00|0.00|
|C170|4|PROD004|PRODUTO ACABADO D|2.35|UN|1761.96|5403|10|1518.97|12.00|182.28|0.00|0.00|0.00|0.00|0.00|0.00|
|C100|1|0|98765432000188|55|00|000000068|000|22032024|23032024|33722.96|31506.90|3780.83|0.00|0.00|0.00|0.00|0.00|0.00|0.00|0|33366699000100|
|C170|1|PROD002|COMPONENTE ELETRICO B|3.29|UN|150.45|5401|00|143.34|12.00|17.20|0.00|0.00|0.00|0.00|0.00|0.00|
|C170|2|PROD004|PRODUTO ACABADO D|46.66|UN|33572.51|5401|00|31363.56|12.00|3763.63|0.00|0.00|0.00|0.00|0.00|0.00|
|C100|1|0|98765432000188|55|00|000000069|000|20032024|22032024|91690.26|990.77|118.89|0.00|0.00|0.00|0.00|0.00|0.00|0.00|0|33366699000100|
|C170|1|PROD002|COMPONENTE ELETRICO B|2.62|UN|148.43|6101|10|145.91|12.00|17.51|0.00|0.00|0.00|0.00|0.00|0.00|
|C170|2|PROD004|PRODUTO ACABADO D|32.42|UN|26597.00|6101|30|0.00|12.00|0.00|0.00|0.00|0.00|0.00|0.00|0.00|
|C170|3|PROD008|CONJUNTO MONTADO H|47.82|UN|63781.28|6101|41|0.00|12.00|0.00|0.00|0.00|0.00|0.00|0.00|0.00|
|C170|4|PROD002|COMPONENTE ELETRICO B|26.28|UN|958.99|6101|00|844.86|12.00|101.38|0.00|0.00|0.00|0.00|0.00|0.00|
|C170|5|PROD006|EMBALAGEM PADRAO F|32.99|UN|204.56|6101|70|0.00|12.00|0.00|0.00|0.00|0.00|0.00|0.00|0.00|
|C100|1|0|98765432000188|55|00|000000070|000|31032024|01042024|52662.15|46684.90|5602.18|0.00|0.00|0.00|0.00|0.00|0.00|0.00|0|77788899000177|
|C170|1|PROD003|MATERIAL BRUTO C|8.25|UN|2225.75|6101|10|1981.95|12.00|237.83|0.00|0.00|0.00|0.00|0.00|0.00|
|C170|2|PROD008|CONJUNTO MONTADO H|39.99|UN|50436.40|6101|10|44702.95|12.00|5364.35|0.00|0.00|0.00|0.00|0.00|0.00|
|C100|1|0|98765432000188|55|00|000000071|000|09032024|11032024|89496.89|84576.34|10149.16|0.00|0.00|0.00|0.00|0.00|0.00|0.00|0|77788899000177|
|C170|1|PROD004|PRODUTO ACABADO D|35.93|UN|25178.25|6101|10|24209.80|12.00|2905.18|0.00|0.00|0.00|0.00|0.00|0.00|
|C170|2|PROD003|MATERIAL BRUTO C|16.92|UN|4173.07|6101|20|3702.12|12.00|444.25|0.00|0.00|0.00|0.00|0.00|0.00|
|C170|3|PROD001|PECA MECANICA TIPO A|33.28|UN|2993.51|6101|00|2598.71|12.00|311.85|0.00|0.00|0.00|0.00|0.00|0.00|
|C170|4|PROD007|PARTE SOBRESSALENTE G|44.31|UN|5921.01|6101|00|5375.27|12.00|645.03|0.00|0.00|0.00|0.00|0.00|0.00|
|C170|5|PROD008|CONJUNTO MONTADO H|41.63|UN|51231.05|6101|10|48690.44|12.00|5842.85|0.00|0.00|0.00|0.00|0.00|0.00|
|C100|1|0|98765432000188|55|00|000000072|000|02032024|03032024|37119.60|30730.40|3687.64|0.00|0.00|0.00|0.00|0.00|0.00|0.00|0|55512312300010|
|C170|1|PROD006|EMBALAGEM PADRAO F|5.04|UN|51.66|6101|41|0.00|12.00|0.00|0.00|0.00|0.00|0.00|0.00|0.00|
|C170|2|PROD006|EMBALAGEM PADRAO F|13.99|UN|117.83|6101|51|103.11|12.00|12.37|0.00|0.00|0.00|0.00|0.00|0.00|
|C170|3|PROD008|CONJUNTO MONTADO H|33.35|UN|34048.39|6101|51|30627.29|12.00|3675.27|0.00|0.00|0.00|0.00|0.00|0.00|
|C170|4|PROD003|MATERIAL BRUTO C|11.07|UN|2901.72|6101|50|0.00|12.00|0.00|0.00|0.00|0.00|0.00|0.00|0.00|
|C100|1|0|98765432000188|55|00|000000073|000|08032024|11032024|60306.66|56875.10|6825.01|0.00|0.00|0.00|0.00|0.00|0.00|0.00|0|77788899000177|
|C170|1|PROD004|PRODUTO ACABADO D|49.55|UN|34221.32|5102|00|32989.51|12.00|3958.74|0.00|0.00|0.00|0.00|0.00|0.00|
|C170|2|PROD003|MATERIAL BRUTO C|44.61|UN|14760.54|5102|00|13859.77|12.00|1663.17|0.00|0.00|0.00|0.00|0.00|0.00|
|C170|3|PROD003|MATERIAL BRUTO C|45.66|UN|11324.80|5102|10|10025.82|12.00|1203.10|0.00|0.00|0.00|0.00|0.00|0.00|
|C100|1|0|98765432000188|55|00|000000074|000|22032024|25032024|10168.46|7591.49|910.98|0.00|0.00|0.00|0.00|0.00|0.00|0.00|0|77788899000177|
|C170|1|PROD001|PECA MECANICA TIPO A|18.03|UN|1799.79|5403|40|0.00|12.00|0.00|0.00|0.00|0.00|0.00|0.00|0.00|
|C170|2|PROD001|PECA MECANICA TIPO A|9.75|UN|1147.75|5403|00|1078.34|12.00|129.40|0.00|0.00|0.00|0.00|0.00|0.00|
|C170|3|PROD007|PARTE SOBRESSALENTE G|47.26|UN|6665.03|5403|00|6513.15|12.00|781.58|0.00|0.00|0.00|0.00|0.00|0.00|
|C170|4|PROD005|INSUMO INDUSTRIAL E|7.96|UN|194.22|5403|30|0.00|12.00|0.00|0.00|0.00|0.00|0.00|0.00|0.00|
|C170|5|PROD001|PECA MECANICA TIPO A|4.46|UN|361.67|5403|41|0.00|12.00|0.00|0.00|0.00|0.00|0.00|0.00|0.00|
|C100|1|0|98765432000188|55|00|000000075|000|31032024|03042024|42726.43|450.44|54.05|0.00|0.00|0.00|0.00|0.00|0.00|0.00|0|22244466000133|
|C170|1|PROD004|PRODUTO ACABADO D|43.28|UN|40940.20|5101|50|0.00|12.00|0.00|0.00|0.00|0.00|0.00|0.00|0.00|
|C170|2|PROD006|EMBALAGEM PADRAO F|45.01|UN|388.88|5101|51|344.29|12.00|41.31|0.00|0.00|0.00|0.00|0.00|0.00|
|C170|3|PROD002|COMPONENTE ELETRICO B|22.21|UN|1276.75|5101|40|0.00|12.00|0.00|0.00|0.00|0.00|0.00|0.00|0.00|
|C170|4|PROD006|EMBALAGEM PADRAO F|12.51|UN|120.60|5101|00|106.15|12.00|12.74|0.00|0.00|0.00|0.00|0.00|0.00|
|C100|1|0|98765432000188|55|00|000000076|000|16032024|17032024|7296.85|6774.16|812.90|0.00|0.00|0.00|0.00|0.00|0.00|0.00|0|77788899000177|
|C170|1|PROD003|MATERIAL BRUTO C|32.09|UN|7296.85|5403|10|6774.16|12.00|812.90|0.00|0.00|0.00|0.00|0.00|0.00|
|C100|1|0|98765432000188|55|00|000000077|000|21032024|21032024|12624.20|10824.23|1298.91|0.00|0.00|0.00|0.00|0.00|0.00|0.00|0|22244466000133|
|C170|1|PROD004|PRODUTO ACABADO D|19.09|UN|12624.20|6101|00|10824.23|12.00|1298.91|0.00|0.00|0.00|0.00|0.00|0.00|
|C100|1|0|98765432000188|55|00|000000078|000|16032024|18032024|41156.65|11360.51|1363.26|0.00|0.00|0.00|0.00|0.00|0.00|0.00|0|77788899000177|
|C170|1|PROD002|COMPONENTE ELETRICO B|31.32|UN|1904.94|5101|00|1682.67|12.00|201.92|0.00|0.00|0.00|0.00|0.00|0.00|
|C170|2|PROD004|PRODUTO ACABADO D|40.28|UN|25263.30|5101|40|0.00|12.00|0.00|0.00|0.00|0.00|0.00|0.00|0.00|
|C170|3|PROD007|PARTE SOBRESSALENTE G|11.58|UN|1363.89|5101|20|1195.42|12.00|143.45|0.00|0.00|0.00|0.00|0.00|0.00|
|C170|4|PROD003|MATERIAL BRUTO C|41.56|UN|9732.21|5101|00|8482.42|12.00|1017.89|0.00|0.00|0.00|0.00|0.00|0.00|
|C170|5|PROD007|PARTE SOBRESSALENTE G|20.97|UN|2892.31|5101|30|0.00|12.00|0.00|0.00|0.00|0.00|0.00|0.00|0.00|
|C100|1|0|98765432000188|55|00|000000079|000|28032024|30032024|71250.68|0.00|0.00|0.00|0.00|0.00|0.00|0.00|0.00|0.00|0|33366699000100|
|C170|1|PROD004|PRODUTO ACABADO D|43.92|UN|34838.76|5401|40|0.00|12.00|0.00|0.00|0.00|0.00|0.00|0.00|0.00|
|C170|2|PROD004|PRODUTO ACABADO D|38.28|UN|36411.92|5401|40|0.00|12.00|0.00|0.00|0.00|0.00|0.00|0.00|0.00|
|C100|1|0|98765432000188|55|00|000000080|000|07032024|08032024|108.71|108.58|13.03|0.00|0.00|0.00|0.00|0.00|0.00|0.00|0|99900011000155|
|C170|1|PROD006|EMBALAGEM PADRAO F|9.52|UN|108.71|5401|00|108.58|12.00|13.03|0.00|0.00|0.00|0.00|0.00|0.00|
|C100|1|0|98765432000188|55|00|000000081|000|20032024|20032024|35322.16|5076.05|609.12|0.00|0.00|0.00|0.00|0.00|0.00|0.00|0|33366699000100|
|C170|1|PROD008|CONJUNTO MONTADO H|41.12|UN|29673.84|6102|30|0.00|12.00|0.00|0.00|0.00|0.00|0.00|0.00|0.00|
|C170|2|PROD006|EMBALAGEM PADRAO F|36.47|UN|249.44|6102|40|0.00|12.00|0.00|0.00|0.00|0.00|0.00|0.00|0.00|
|C170|3|PROD001|PECA MECANICA TIPO A|12.32|UN|1240.14|6102|20|1239.26|12.00|148.71|0.00|0.00|0.00|0.00|0.00|0.00|
|C170|4|PROD007|PARTE SOBRESSALENTE G|39.11|UN|4158.74|6102|00|3836.79|12.00|460.41|0.00|0.00|0.00|0.00|0.00|0.00|
|C100|1|0|98765432000188|55|00|000000082|000|09032024|10032024|1863.16|1395.84|167.51|0.00|0.00|0.00|0.00|0.00|0.00|0.00|0|99900011000155|
|C170|1|PROD002|COMPONENTE ELETRICO B|9.79|UN|776.19|5403|00|696.48|12.00|83.58|0.00|0.00|0.00|0.00|0.00|0.00|
|C170|2|PROD002|COMPONENTE ELETRICO B|18.07|UN|687.09|5403|00|593.96|12.00|71.28|0.00|0.00|0.00|0.00|0.00|0.00|
|C170|3|PROD006|EMBALAGEM PADRAO F|31.31|UN|283.32|5403|41|0.00|12.00|0.00|0.00|0.00|0.00|0.00|0.00|0.00|
|C170|4|PROD006|EMBALAGEM PADRAO F|10.11|UN|116.56|5403|20|105.40|12.00|12.65|0.00|0.00|0.00|0.00|0.00|0.00|
|C100|1|0|98765432000188|55|00|000000083|000|23032024|26032024|16207.02|0.00|0.00|0.00|0.00|0.00|0.00|0.00|0.00|0.00|0|55512312300010|
|C170|1|PROD004|PRODUTO ACABADO D|27.79|UN|16207.02|5401|70|0.00|12.00|0.00|0.00|0.00|0.00|0.00|0.00|0.00|
|C100|1|0|98765432000188|55|00|000000084|000|26032024|28032024|14038.09|0.00|0.00|0.00|0.00|0.00|0.00|0.00|0.00|0.00|0|99900011000155|
|C170|1|PROD002|COMPONENTE ELETRICO B|40.85|UN|1236.24|5101|40|0.00|12.00|0.00|0.00|0.00|0.00|0.00|0.00|0.00|
|C170|2|PROD004|PRODUTO ACABADO D|17.71|UN|12801.85|5101|50|0.00|12.00|0.00|0.00|0.00|0.00|0.00|0.00|0.00|
|C100|1|0|98765432000188|55|00|000000085|000|13032024|16032024|16210.96|3661.42|439.37|0.00|0.00|0.00|0.00|0.00|0.00|0.00|0|99900011000155|
|C170|1|PROD008|CONJUNTO MONTADO H|5.58|UN|4242.32|6102|60|0.00|12.00|0.00|0.00|0.00|0.00|0.00|0.00|0.00|
|C170|2|PROD004|PRODUTO ACABADO D|7.60|UN|3811.90|6102|00|3661.42|12.00|439.37|0.00|0.00|0.00|0.00|0.00|0.00|
|C170|3|PROD008|CONJUNTO MONTADO H|6.82|UN|8156.74|6102|30|0.00|12.00|0.00|0.00|0.00|0.00|0.00|0.00|0.00|
|C100|1|0|98765432000188|55|00|000000086|000|11032024|13032024|68908.71|21374.51|2564.94|0.00|0.00|0.00|0.00|0.00|0.00|0.00|0|22244466000133|
|C170|1|PROD008|CONJUNTO MONTADO H|17.67|UN|23573.11|5101|00|21374.51|12.00|2564.94|0.00|0.00|0.00|0.00|0.00|0.00|
|C170|2|PROD004|PRODUTO ACABADO D|44.23|UN|40588.10|5101|40|0.00|12.00|0.00|0.00|0.00|0.00|0.00|0.00|0.00|
|C170|3|PROD006|EMBALAGEM PADRAO F|18.67|UN|174.41|5101|70|0.00|12.00|0.00|0.00|0.00|0.00|0.00|0.00|0.00|
|C170|4|PROD007|PARTE SOBRESSALENTE G|29.44|UN|4573.09|5101|40|0.00|12.00|0.00|0.00|0.00|0.00|0.00|0.00|0.00|
|C100|1|0|98765432000188|55|00|000000087|000|19032024|22032024|59.35|55.54|6.66|0.00|0.00|0.00|0.00|0.00|0.00|0.00|0|22244466000133|
|C170|1|PROD006|EMBALAGEM PADRAO F|7.76|UN|59.35|5403|90|55.54|12.00|6.66|0.00|0.00|0.00|0.00|0.00|0.00|
|C100|1|0|98765432000188|55|00|000000088|000|26032024|28032024|1665.29|0.00|0.00|0.00|0.00|0.00|0.00|0.00|0.00|0.00|0|99900011000155|
|C170|1|PROD007|PARTE SOBRESSALENTE G|12.49|UN|1665.29|6102|40|0.00|12.00|0.00|0.00|0.00|0.00|0.00|0.00|0.00|
|C100|1|0|98765432000188|55|00|000000089|000|29032024|31032024|5725.07|4326.62|519.19|0.00|0.00|0.00|0.00|0.00|0.00|0.00|0|77788899000177|
|C170|1|PROD005|INSUMO INDUSTRIAL E|10.68|UN|303.60|5102|20|270.43|12.00|32.45|0.00|0.00|0.00|0.00|0.00|0.00|
|C170|2|PROD007|PARTE SOBRESSALENTE G|45.13|UN|4144.56|5102|00|4056.19|12.00|486.74|0.00|0.00|0.00|0.00|0.00|0.00|
|C170|3|PROD002|COMPONENTE ELETRICO B|34.31|UN|1276.91|5102|40|0.00|12.00|0.00|0.00|0.00|0.00|0.00|0.00|0.00|
|C100|1|0|98765432000188|55|00|000000090|000|27032024|30032024|38152.49|32145.34|3857.44|0.00|0.00|0.00|0.00|0.00|0.00|0.00|0|99900011000155|
|C170|1|PROD001|PECA MECANICA TIPO A|13.61|UN|874.92|5102|20|756.93|12.00|90.83|0.00|0.00|0.00|0.00|0.00|0.00|
|C170|2|PROD006|EMBALAGEM PADRAO F|33.42|UN|305.46|5102|10|270.47|12.00|32.46|0.00|0.00|0.00|0.00|0.00|0.00|
|C170|3|PROD007|PARTE SOBRESSALENTE G|28.42|UN|2306.81|5102|40|0.00|12.00|0.00|0.00|0.00|0.00|0.00|0.00|0.00|
|C170|4|PROD005|INSUMO INDUSTRIAL E|12.52|UN|348.11|5102|00|312.29|12.00|37.47|0.00|0.00|0.00|0.00|0.00|0.00|
|C170|5|PROD008|CONJUNTO MONTADO H|37.07|UN|34317.19|5102|90|30805.65|12.00|3696.68|0.00|0.00|0.00|0.00|0.00|0.00|
|C100|1|0|98765432000188|55|00|000000091|000|24032024|25032024|30045.34|484.82|58.18|0.00|0.00|0.00|0.00|0.00|0.00|0.00|0|22244466000133|
|C170|1|PROD008|CONJUNTO MONTADO H|4.82|UN|5641.25|6102|40|0.00|12.00|0.00|0.00|0.00|0.00|0.00|0.00|0.00|
|C170|2|PROD001|PECA MECANICA TIPO A|4.16|UN|499.32|6102|00|484.82|12.00|58.18|0.00|0.00|0.00|0.00|0.00|0.00|
|C170|3|PROD004|PRODUTO ACABADO D|38.23|UN|23904.77|6102|40|0.00|12.00|0.00|0.00|0.00|0.00|0.00|0.00|0.00|
|C100|1|0|98765432000188|55|00|000000092|000|28032024|30032024|38813.34|35819.03|4298.28|0.00|0.00|0.00|0.00|0.00|0.00|0.00|0|33366699000100|
|C170|1|PROD008|CONJUNTO MONTADO H|47.31|UN|38623.46|5102|10|35638.43|12.00|4276.61|0.00|0.00|0.00|0.00|0.00|0.00|
|C170|2|PROD006|EMBALAGEM PADRAO F|21.10|UN|189.88|5102|00|180.60|12.00|21.67|0.00|0.00|0.00|0.00|0.00|0.00|
|C100|1|0|98765432000188|55|00|000000093|000|13032024|14032024|35667.65|33918.91|4070.27|0.00|0.00|0.00|0.00|0.00|0.00|0.00|0|55512312300010|
|C170|1|PROD008|CONJUNTO MONTADO H|26.10|UN|23816.64|6101|20|22653.01|12.00|2718.36|0.00|0.00|0.00|0.00|0.00|0.00|
|C170|2|PROD003|MATERIAL BRUTO C|21.46|UN|7364.38|6101|90|7095.43|12.00|851.45|0.00|0.00|0.00|0.00|0.00|0.00|
|C170|3|PROD007|PARTE SOBRESSALENTE G|33.53|UN|4061.46|6101|00|3905.23|12.00|468.63|0.00|0.00|0.00|0.00|0.00|0.00|
|C170|4|PROD006|EMBALAGEM PADRAO F|19.09|UN|134.57|6101|40|0.00|12.00|0.00|0.00|0.00|0.00|0.00|0.00|0.00|
|C170|5|PROD002|COMPONENTE ELETRICO B|6.23|UN|290.60|6101|00|265.24|12.00|31.83|0.00|0.00|0.00|0.00|0.00|0.00|
|C100|1|0|98765432000188|55|00|000000094|000|07032024|08032024|25905.88|4616.80|554.01|0.00|0.00|0.00|0.00|0.00|0.00|0.00|0|55512312300010|
|C170|1|PROD001|PECA MECANICA TIPO A|19.91|UN|1596.78|6101|20|1359.86|12.00|163.18|0.00|0.00|0.00|0.00|0.00|0.00|
|C170|2|PROD002|COMPONENTE ELETRICO B|14.36|UN|609.85|6101|40|0.00|12.00|0.00|0.00|0.00|0.00|0.00|0.00|0.00|
|C170|3|PROD004|PRODUTO ACABADO D|24.72|UN|20289.27|6101|40|0.00|12.00|0.00|0.00|0.00|0.00|0.00|0.00|0.00|
|C170|4|PROD003|MATERIAL BRUTO C|12.61|UN|3409.98|6101|00|3256.94|12.00|390.83|0.00|0.00|0.00|0.00|0.00|0.00|
|C100|1|0|98765432000188|55|00|000000095|000|01032024|04032024|27835.73|1576.31|189.16|0.00|0.00|0.00|0.00|0.00|0.00|0.00|0|22244466000133|
|C170|1|PROD008|CONJUNTO MONTADO H|23.22|UN|24844.42|6101|41|0.00|12.00|0.00|0.00|0.00|0.00|0.00|0.00|0.00|
|C170|2|PROD007|PARTE SOBRESSALENTE G|15.83|UN|1266.55|6101|40|0.00|12.00|0.00|0.00|0.00|0.00|0.00|0.00|0.00|
|C170|3|PROD002|COMPONENTE ELETRICO B|31.47|UN|1724.76|6101|90|1576.31|12.00|189.16|0.00|0.00|0.00|0.00|0.00|0.00|
|C100|1|0|98765432000188|55|00|000000096|000|28032024|28032024|188.91|0.00|0.00|0.00|0.00|0.00|0.00|0.00|0.00|0.00|0|77788899000177|
|C170|1|PROD005|INSUMO INDUSTRIAL E|9.31|UN|188.91|5401|40|0.00|12.00|0.00|0.00|0.00|0.00|0.00|0.00|0.00|
|C100|1|0|98765432000188|55|00|000000097|000|21032024|24032024|40680.81|38690.56|4642.86|0.00|0.00|0.00|0.00|0.00|0.00|0.00|0|55512312300010|
|C170|1|PROD008|CONJUNTO MONTADO H|34.82|UN|36353.47|5403|00|35746.28|12.00|4289.55|0.00|0.00|0.00|0.00|0.00|0.00|
|C170|2|PROD006|EMBALAGEM PADRAO F|44.29|UN|409.70|5403|00|370.59|12.00|44.47|0.00|0.00|0.00|0.00|0.00|0.00|
|C170|3|PROD003|MATERIAL BRUTO C|13.09|UN|2855.15|5403|90|2566.58|12.00|307.99|0.00|0.00|0.00|0.00|0.00|0.00|
|C170|4|PROD006|EMBALAGEM PADRAO F|1.06|UN|8.20|5403|00|7.11|12.00|0.85|0.00|0.00|0.00|0.00|0.00|0.00|
|C170|5|PROD005|INSUMO INDUSTRIAL E|35.59|UN|1054.29|5403|40|0.00|12.00|0.00|0.00|0.00|0.00|0.00|0.00|0.00|
|C100|1|0|98765432000188|55|00|000000098|000|02032024|03032024|12548.43|2168.43|260.21|0.00|0.00|0.00|0.00|0.00|0.00|0.00|0|33366699000100|
|C170|1|PROD002|COMPONENTE ELETRICO B|21.49|UN|1340.76|6101|00|1198.83|12.00|143.86|0.00|0.00|0.00|0.00|0.00|0.00|
|C170|2|PROD004|PRODUTO ACABADO D|13.64|UN|9150.78|6101|40|0.00|12.00|0.00|0.00|0.00|0.00|0.00|0.00|0.00|
|C170|3|PROD003|MATERIAL BRUTO C|4.03|UN|1018.93|6101|00|969.60|12.00|116.35|0.00|0.00|0.00|0.00|0.00|0.00|
|C170|4|PROD003|MATERIAL BRUTO C|3.75|UN|1037.96|6101|40|0.00|12.00|0.00|0.00|0.00|0.00|0.00|0.00|0.00|
|C100|1|0|98765432000188|55|00|000000099|000|17032024|18032024|9387.53|8700.00|1044.00|0.00|0.00|0.00|0.00|0.00|0.00|0.00|0|77788899000177|
|C170|1|PROD008|LINHA_CORROMPIDA|
|C100|1|0|98765432000188|55|00|000000100|000|07032024|09032024|6046.00|1103.27|132.39|0.00|0.00|0.00|0.00|0.00|0.00|0.00|0|33366699000100|
|C170|1|PROD005|INSUMO INDUSTRIAL E|44.22|UN|1220.03|6101|00|1103.27|12.00|132.39|0.00|0.00|0.00|0.00|0.00|0.00|
|C170|2|PROD001|PECA MECANICA TIPO A|46.63|UN|4627.73|6101|40|0.00|12.00|0.00|0.00|0.00|0.00|0.00|0.00|0.00|
|C170|3|PROD005|INSUMO INDUSTRIAL E|8.25|UN|198.24|6101|40|0.00|12.00|0.00|0.00|0.00|0.00|0.00|0.00|0.00|
|C100|1|0|98765432000188|55|00|000000101|000|08032024|11032024|18058.88|5297.10|635.65|0.00|0.00|0.00|0.00|0.00|0.00|0.00|0|33366699000100|
|C170|1|PROD002|COMPONENTE ELETRICO B|23.61|UN|858.73|6102|50|0.00|12.00|0.00|0.00|0.00|0.00|0.00|0.00|0.00|
|C170|2|PROD004|PRODUTO ACABADO D|19.18|UN|11540.47|6102|40|0.00|12.00|0.00|0.00|0.00|0.00|0.00|0.00|0.00|
|C170|3|PROD005|INSUMO INDUSTRIAL E|30.25|UN|725.72|6102|90|682.77|12.00|81.93|0.00|0.00|0.00|0.00|0.00|0.00|
|C170|4|PROD001|PECA MECANICA TIPO A|46.34|UN|4933.96|6102|20|4614.33|12.00|553.72|0.00|0.00|0.00|0.00|0.00|0.00|
|C100|1|0|98765432000188|55|00|000000102|000|11032024|12032024|3215.44|0.00|0.00|0.00|0.00|0.00|0.00|0.00|0.00|0.00|0|99900011000155|
|C170|1|PROD005|INSUMO INDUSTRIAL E|30.73|UN|1067.56|6101|40|0.00|12.00|0.00|0.00|0.00|0.00|0.00|0.00|0.00|
|C170|2|PROD002|COMPONENTE ELETRICO B|26.50|UN|1269.32|6101|40|0.00|12.00|0.00|0.00|0.00|0.00|0.00|0.00|0.00|
|C170|3|PROD007|PARTE SOBRESSALENTE G|6.95|UN|878.56|6101|40|0.00|12.00|0.00|0.00|0.00|0.00|0.00|0.00|0.00|
|C100|1|0|98765432000188|55|00|000000103|000|10032024|11032024|47308.05|42849.56|5141.94|0.00|0.00|0.00|0.00|0.00|0.00|0.00|0|99900011000155|
|C170|1|PROD008|CONJUNTO MONTADO H|45.62|UN|43312.65|5101|10|42488.79|12.00|5098.65|0.00|0.00|0.00|0.00|0.00|0.00|
|C170|2|PROD006|EMBALAGEM PADRAO F|43.84|UN|397.15|5101|20|360.77|12.00|43.29|0.00|0.00|0.00|0.00|0.00|0.00|
|C170|3|PROD003|MATERIAL BRUTO C|16.25|UN|3598.25|5101|70|0.00|12.00|0.00|0.00|0.00|0.00|0.00|0.00|0.00|
|C100|1|0|98765432000188|55|00|000000104|000|16032024|18032024|11145.51|6306.00|756.72|0.00|0.00|0.00|0.00|0.00|0.00|0.00|0|33366699000100|
|C170|1|PROD001|PECA MECANICA TIPO A|33.82|UN|2838.60|5101|40|0.00|12.00|0.00|0.00|0.00|0.00|0.00|0.00|0.00|
|C170|2|PROD007|PARTE SOBRESSALENTE G|49.60|UN|7103.57|5101|00|6306.00|12.00|756.72|0.00|0.00|0.00|0.00|0.00|0.00|
|C170|3|PROD002|COMPONENTE ELETRICO B|23.63|UN|1203.34|5101|50|0.00|12.00|0.00|0.00|0.00|0.00|0.00|0.00|0.00|
|C100|1|0|98765432000188|55|00|000000105|000|02032024|05032024|8656.84|7426.61|891.19|0.00|0.00|0.00|0.00|0.00|0.00|0.00|0|77788899000177|
|C170|1|PROD005|INSUMO INDUSTRIAL E|1.02|UN|16.12|6102|40|0.00|12.00|0.00|0.00|0.00|0.00|0.00|0.00|0.00|
|C170|2|PROD005|INSUMO INDUSTRIAL E|18.33|UN|679.24|6102|60|0.00|12.00|0.00|0.00|0.00|0.00|0.00|0.00|0.00|
|C170|3|PROD003|MATERIAL BRUTO C|31.45|UN|7624.98|6102|20|7426.61|12.00|891.19|0.00|0.00|0.00|0.00|0.00|0.00|
|C170|4|PROD006|EMBALAGEM PADRAO F|48.35|UN|336.50|6102|50|0.00|12.00|0.00|0.00|0.00|0.00|0.00|0.00|0.00|
|C100|1|0|98765432000188|55|00|000000106|000|12032024|12032024|21.75|18.98|2.28|0.00|0.00|0.00|0.00|0.00|0.00|0.00|0|55512312300010|
|C170|1|PROD006|EMBALAGEM PADRAO F|4.07|UN|21.75|5401|00|18.98|12.00|2.28|0.00|0.00|0.00|0.00|0.00|0.00|
|C100|1|0|98765432000188|55|00|000000107|000|19032024|20032024|931.30|887.75|106.53|0.00|0.00|0.00|0.00|0.00|0.00|0.00|0|55512312300010|
|C170|1|PROD007|PARTE SOBRESSALENTE G|11.32|UN|931.30|5401|00|887.75|12.00|106.53|0.00|0.00|0.00|0.00|0.00|0.00|
|C100|1|0|98765432000188|55|00|000000108|000|03032024|03032024|10535.45|9101.55|1092.18|0.00|0.00|0.00|0.00|0.00|0.00|0.00|0|55512312300010|
|C170|1|PROD003|MATERIAL BRUTO C|29.04|UN|8892.29|5401|90|7987.95|12.00|958.55|0.00|0.00|0.00|0.00|0.00|0.00|
|C170|2|PROD006|EMBALAGEM PADRAO F|12.79|UN|109.11|5401|40|0.00|12.00|0.00|0.00|0.00|0.00|0.00|0.00|0.00|
|C170|3|PROD007|PARTE SOBRESSALENTE G|2.37|UN|305.61|5401|60|0.00|12.00|0.00|0.00|0.00|0.00|0.00|0.00|0.00|
|C170|4|PROD002|COMPONENTE ELETRICO B|17.90|UN|1228.44|5401|00|1113.60|12.00|133.63|0.00|0.00|0.00|0.00|0.00|0.00|
|C100|1|0|98765432000188|55|00|000000109|000|10032024|12032024|14668.47|7596.68|911.60|0.00|0.00|0.00|0.00|0.00|0.00|0.00|0|99900011000155|
|C170|1|PROD002|COMPONENTE ELETRICO B|42.69|UN|2591.47|5102|60|0.00|12.00|0.00|0.00|0.00|0.00|0.00|0.00|0.00|
|C170|2|PROD002|COMPONENTE ELETRICO B|44.33|UN|3442.75|5102|10|3221.07|12.00|386.53|0.00|0.00|0.00|0.00|0.00|0.00|
|C170|3|PROD008|CONJUNTO MONTADO H|3.06|UN|3669.12|5102|40|0.00|12.00|0.00|0.00|0.00|0.00|0.00|0.00|0.00|
|C170|4|PROD007|PARTE SOBRESSALENTE G|39.81|UN|4965.13|5102|00|4375.61|12.00|525.07|0.00|0.00|0.00|0.00|0.00|0.00|
|C100|1|0|98765432000188|55|00|000000110|000|14032024|14032024|987.60|796.21|95.55|0.00|0.00|0.00|0.00|0.00|0.00|0.00|0|55512312300010|
|C170|1|PROD006|EMBALAGEM PADRAO F|3.01|UN|22.76|5403|40|0.00|12.00|0.00|0.00|0.00|0.00|0.00|0.00|0.00|
|C170|2|PROD006|EMBALAGEM PADRAO F|12.91|UN|154.54|5403|60|0.00|12.00|0.00|0.00|0.00|0.00|0.00|0.00|0.00|
|C170|3|PROD007|PARTE SOBRESSALENTE G|6.82|UN|810.30|5403|20|796.21|12.00|95.55|0.00|0.00|0.00|0.00|0.00|0.00|
|C100|1|0|98765432000188|55|00|000000111|000|07032024|09032024|4056.95|0.00|0.00|0.00|0.00|0.00|0.00|0.00|0.00|0.00|0|77788899000177|
|C170|1|PROD008|CONJUNTO MONTADO H|3.08|UN|3791.73|6102|50|0.00|12.00|0.00|0.00|0.00|0.00|0.00|0.00|0.00|
|C170|2|PROD006|EMBALAGEM PADRAO F|45.88|UN|265.22|6102|40|0.00|12.00|0.00|0.00|0.00|0.00|0.00|0.00|0.00|
|C100|1|0|98765432000188|55|00|000000112|000|27032024|27032024|43635.93|39763.39|4771.61|0.00|0.00|0.00|0.00|0.00|0.00|0.00|0|77788899000177|
|C170|1|PROD002|COMPONENTE ELETRICO B|28.88|UN|2393.86|6102|00|2368.23|12.00|284.19|0.00|0.00|0.00|0.00|0.00|0.00|
|C170|2|PROD007|PARTE SOBRESSALENTE G|23.60|UN|3086.93|6102|30|0.00|12.00|0.00|0.00|0.00|0.00|0.00|0.00|0.00|
|C170|3|PROD006|EMBALAGEM PADRAO F|34.08|UN|328.22|6102|50|0.00|12.00|0.00|0.00|0.00|0.00|0.00|0.00|0.00|
|C170|4|PROD008|CONJUNTO MONTADO H|27.66|UN|37716.68|6102|00|37294.86|12.00|4475.38|0.00|0.00|0.00|0.00|0.00|0.00|
|C170|5|PROD006|EMBALAGEM PADRAO F|12.54|UN|110.24|6102|00|100.30|12.00|12.04|0.00|0.00|0.00|0.00|0.00|0.00|
|C100|1|0|98765432000188|55|00|000000113|000|22032024|25032024|2521.78|2423.43|290.81|0.00|0.00|0.00|0.00|0.00|0.00|0.00|0|99900011000155|
|C170|1|PROD007|PARTE SOBRESSALENTE G|18.44|UN|2372.05|5101|10|2294.60|12.00|275.35|0.00|0.00|0.00|0.00|0.00|0.00|
|C170|2|PROD006|EMBALAGEM PADRAO F|21.73|UN|149.73|5101|00|128.83|12.00|15.46|0.00|0.00|0.00|0.00|0.00|0.00|
|C100|1|0|98765432000188|55|00|000000114|000|12032024|14032024|3095.40|1615.21|193.83|0.00|0.00|0.00|0.00|0.00|0.00|0.00|0|77788899000177|
|C170|1|PROD005|INSUMO INDUSTRIAL E|49.01|UN|1663.30|5403|00|1615.21|12.00|193.83|0.00|0.00|0.00|0.00|0.00|0.00|
|C170|2|PROD002|COMPONENTE ELETRICO B|33.52|UN|1432.10|5403|40|0.00|12.00|0.00|0.00|0.00|0.00|0.00|0.00|0.00|
|C100|1|0|98765432000188|55|00|000000115|000|05032024|05032024|9599.77|9034.16|1084.10|0.00|0.00|0.00|0.00|0.00|0.00|0.00|0|99900011000155|
|C170|1|PROD004|PRODUTO ACABADO D|17.91|UN|9599.77|5102|10|9034.16|12.00|1084.10|0.00|0.00|0.00|0.00|0.00|0.00|
|C100|1|0|98765432000188|55|00|000000116|000|21032024|21032024|5770.46|630.77|75.69|0.00|0.00|0.00|0.00|0.00|0.00|0.00|0|99900011000155|
|C170|1|PROD005|INSUMO INDUSTRIAL E|24.48|UN|711.75|6102|10|630.77|12.00|75.69|0.00|0.00|0.00|0.00|0.00|0.00|
|C170|2|PROD003|MATERIAL BRUTO C|17.66|UN|5058.71|6102|40|0.00|12.00|0.00|0.00|0.00|0.00|0.00|0.00|0.00|
|C100|1|0|98765432000188|55|00|000000117|000|01032024|04032024|12834.17|11185.28|1342.24|0.00|0.00|0.00|0.00|0.00|0.00|0.00|0|55512312300010|
|C170|1|PROD002|COMPONENTE ELETRICO B|48.54|UN|2310.46|6102|00|2227.64|12.00|267.32|0.00|0.00|0.00|0.00|0.00|0.00|
|C170|2|PROD002|COMPONENTE ELETRICO B|27.47|UN|903.55|6102|00|808.67|12.00|97.04|0.00|0.00|0.00|0.00|0.00|0.00|
|C170|3|PROD005|INSUMO INDUSTRIAL E|20.07|UN|583.46|6102|40|0.00|12.00|0.00|0.00|0.00|0.00|0.00|0.00|0.00|
|C170|4|PROD004|PRODUTO ACABADO D|9.39|UN|9036.70|6102|10|8148.97|12.00|977.88|0.00|0.00|0.00|0.00|0.00|0.00|
|C100|1|0|98765432000188|55|00|000000118|000|24032024|25032024|5488.04|0.00|0.00|0.00|0.00|0.00|0.00|0.00|0.00|0.00|0|33366699000100|
|C170|1|PROD001|PECA MECANICA TIPO A|46.22|UN|5488.04|5101|40|0.00|12.00|0.00|0.00|0.00|0.00|0.00|0.00|0.00|
|C100|1|0|98765432000188|55|00|000000119|000|22032024|24032024|11897.58|10159.20|1219.11|0.00|0.00|0.00|0.00|0.00|0.00|0.00|0|33366699000100|
|C170|1|PROD005|INSUMO INDUSTRIAL E|1.19|UN|26.61|5401|10|25.81|12.00|3.10|0.00|0.00|0.00|0.00|0.00|0.00|
|C170|2|PROD003|MATERIAL BRUTO C|41.36|UN|11679.91|5401|90|9952.31|12.00|1194.28|0.00|0.00|0.00|0.00|0.00|0.00|
|C170|3|PROD005|INSUMO INDUSTRIAL E|10.25|UN|191.06|5401|00|181.08|12.00|21.73|0.00|0.00|0.00|0.00|0.00|0.00|
|C100|1|0|98765432000188|55|00|000000120|000|11032024|11032024|5808.25|25.82|3.10|0.00|0.00|0.00|0.00|0.00|0.00|0.00|0|22244466000133|
|C170|1|PROD007|PARTE SOBRESSALENTE G|46.97|UN|5747.96|5102|40|0.00|12.00|0.00|0.00|0.00|0.00|0.00|0.00|0.00|
|C170|2|PROD006|EMBALAGEM PADRAO F|2.28|UN|27.07|5102|00|25.82|12.00|3.10|0.00|0.00|0.00|0.00|0.00|0.00|
|C170|3|PROD006|EMBALAGEM PADRAO F|6.19|UN|33.22|5102|40|0.00|12.00|0.00|0.00|0.00|0.00|0.00|0.00|0.00|
|C100|1|0|98765432000188|55|00|000000121|000|17032024|17032024|57986.74|0.00|0.00|0.00|0.00|0.00|0.00|0.00|0.00|0.00|0|77788899000177|
|C170|1|PROD008|CONJUNTO MONTADO H|23.24|UN|25954.66|5101|50|0.00|12.00|0.00|0.00|0.00|0.00|0.00|0.00|0.00|
|C170|2|PROD008|CONJUNTO MONTADO H|22.95|UN|32032.08|5101|60|0.00|12.00|0.00|0.00|0.00|0.00|0.00|0.00|0.00|
|C100|1|0|98765432000188|55|00|000000122|000|05032024|08032024|13571.64|9905.88|1188.71|0.00|0.00|0.00|0.00|0.00|0.00|0.00|0|55512312300010|
|C170|1|PROD001|PECA MECANICA TIPO A|46.42|UN|4450.38|5102|00|4251.41|12.00|510.17|0.00|0.00|0.00|0.00|0.00|0.00|
|C170|2|PROD001|PECA MECANICA TIPO A|40.04|UN|2446.10|5102|00|2221.23|12.00|266.55|0.00|0.00|0.00|0.00|0.00|0.00|
|C170|3|PROD007|PARTE SOBRESSALENTE G|22.41|UN|2747.22|5102|40|0.00|12.00|0.00|0.00|0.00|0.00|0.00|0.00|0.00|
|C170|4|PROD004|PRODUTO ACABADO D|6.79|UN|3927.94|5102|00|3433.24|12.00|411.99|0.00|0.00|0.00|0.00|0.00|0.00|
|C100|1|0|98765432000188|55|00|000000123|000|07032024|09032024|35838.51|32299.16|3875.90|0.00|0.00|0.00|0.00|0.00|0.00|0.00|0|77788899000177|
|C170|1|PROD008|CONJUNTO MONTADO H|20.50|UN|19374.33|5401|00|18153.90|12.00|2178.47|0.00|0.00|0.00|0.00|0.00|0.00|
|C170|2|PROD003|MATERIAL BRUTO C|9.38|UN|3192.91|5401|10|3000.50|12.00|360.06|0.00|0.00|0.00|0.00|0.00|0.00|
|C170|3|PROD002|COMPONENTE ELETRICO B|29.59|UN|2082.25|5401|10|1862.67|12.00|223.52|0.00|0.00|0.00|0.00|0.00|0.00|
|C170|4|PROD005|INSUMO INDUSTRIAL E|37.78|UN|1075.36|5401|60|0.00|12.00|0.00|0.00|0.00|0.00|0.00|0.00|0.00|
|C170|5|PROD003|MATERIAL BRUTO C|38.29|UN|10113.66|5401|00|9282.09|12.00|1113.85|0.00|0.00|0.00|0.00|0.00|0.00|
|C100|1|0|98765432000188|55|00|000000124|000|30032024|31032024|39408.71|20968.16|2516.18|0.00|0.00|0.00|0.00|0.00|0.00|0.00|0|99900011000155|
|C170|1|PROD008|CONJUNTO MONTADO H|16.27|UN|17062.71|5401|20|15419.83|12.00|1850.38|0.00|0.00|0.00|0.00|0.00|0.00|
|C170|2|PROD007|PARTE SOBRESSALENTE G|33.54|UN|4499.46|5401|20|3827.56|12.00|459.31|0.00|0.00|0.00|0.00|0.00|0.00|
|C170|3|PROD003|MATERIAL BRUTO C|6.76|UN|1765.35|5401|10|1720.77|12.00|206.49|0.00|0.00|0.00|0.00|0.00|0.00|
|C170|4|PROD004|PRODUTO ACABADO D|20.42|UN|16081.19|5401|41|0.00|12.00|0.00|0.00|0.00|0.00|0.00|0.00|0.00|
|C100|1|0|98765432000188|55|00|000000125|000|30032024|01042024|1496.44|0.00|0.00|0.00|0.00|0.00|0.00|0.00|0.00|0.00|0|22244466000133|
|C170|1|PROD001|PECA MECANICA TIPO A|29.71|UN|1496.44|5401|40|0.00|12.00|0.00|0.00|0.00|0.00|0.00|0.00|0.00|
|C100|1|0|98765432000188|55|00|000000126|000|14032024|17032024|17430.93|3836.79|460.41|0.00|0.00|0.00|0.00|0.00|0.00|0.00|0|33366699000100|
|C170|1|PROD007|PARTE SOBRESSALENTE G|30.91|UN|3999.06|5101|00|3836.79|12.00|460.41|0.00|0.00|0.00|0.00|0.00|0.00|
|C170|2|PROD004|PRODUTO ACABADO D|3.31|UN|2887.19|5101|40|0.00|12.00|0.00|0.00|0.00|0.00|0.00|0.00|0.00|
|C170|3|PROD004|PRODUTO ACABADO D|20.95|UN|10544.68|5101|70|0.00|12.00|0.00|0.00|0.00|0.00|0.00|0.00|0.00|
|C100|1|0|98765432000188|55|00|000000127|000|08032024|09032024|11002.73|5041.73|605.01|0.00|0.00|0.00|0.00|0.00|0.00|0.00|0|22244466000133|
|C170|1|PROD001|PECA MECANICA TIPO A|38.39|UN|2806.93|6101|51|2651.00|12.00|318.12|0.00|0.00|0.00|0.00|0.00|0.00|
|C170|2|PROD003|MATERIAL BRUTO C|8.97|UN|2655.79|6101|00|2390.73|12.00|286.89|0.00|0.00|0.00|0.00|0.00|0.00|
|C170|3|PROD004|PRODUTO ACABADO D|6.38|UN|5540.01|6101|50|0.00|12.00|0.00|0.00|0.00|0.00|0.00|0.00|0.00|
|C100|1|0|98765432000188|55|00|000000128|000|01032024|02032024|31944.87|12488.70|1498.64|0.00|0.00|0.00|0.00|0.00|0.00|0.00|0|99900011000155|
|C170|1|PROD003|MATERIAL BRUTO C|44.06|UN|9701.13|6101|20|8600.27|12.00|1032.03|0.00|0.00|0.00|0.00|0.00|0.00|
|C170|2|PROD007|PARTE SOBRESSALENTE G|47.86|UN|4195.89|6101|51|3888.43|12.00|466.61|0.00|0.00|0.00|0.00|0.00|0.00|
|C170|3|PROD008|CONJUNTO MONTADO H|13.91|UN|18047.85|6101|40|0.00|12.00|0.00|0.00|0.00|0.00|0.00|0.00|0.00|
|C100|1|0|98765432000188|55|00|000000129|000|22032024|22032024|63114.19|0.00|0.00|0.00|0.00|0.00|0.00|0.00|0.00|0.00|0|33366699000100|
|C170|1|PROD008|CONJUNTO MONTADO H|49.26|UN|45277.03|5102|60|0.00|12.00|0.00|0.00|0.00|0.00|0.00|0.00|0.00|
|C170|2|PROD003|MATERIAL BRUTO C|49.51|UN|11587.37|5102|30|0.00|12.00|0.00|0.00|0.00|0.00|0.00|0.00|0.00|
|C170|3|PROD007|PARTE SOBRESSALENTE G|33.38|UN|4193.49|5102|40|0.00|12.00|0.00|0.00|0.00|0.00|0.00|0.00|0.00|
|C170|4|PROD005|INSUMO INDUSTRIAL E|30.54|UN|964.58|5102|41|0.00|12.00|0.00|0.00|0.00|0.00|0.00|0.00|0.00|
|C170|5|PROD002|COMPONENTE ELETRICO B|22.23|UN|1091.72|5102|70|0.00|12.00|0.00|0.00|0.00|0.00|0.00|0.00|0.00|
|C100|1|0|98765432000188|55|00|000000130|000|23032024|25032024|3002.44|2711.81|325.42|0.00|0.00|0.00|0.00|0.00|0.00|0.00|0|99900011000155|
|C170|1|PROD005|INSUMO INDUSTRIAL E|34.30|UN|587.87|5102|90|550.07|12.00|66.01|0.00|0.00|0.00|0.00|0.00|0.00|
|C170|2|PROD004|PRODUTO ACABADO D|3.16|UN|2414.57|5102|20|2161.74|12.00|259.41|0.00|0.00|0.00|0.00|0.00|0.00|
|C100|1|0|98765432000188|55|00|000000131|000|15032024|16032024|3566.71|3486.79|418.41|0.00|0.00|0.00|0.00|0.00|0.00|0.00|0|99900011000155|
|C170|1|PROD001|PECA MECANICA TIPO A|44.79|UN|3566.71|5101|00|3486.79|12.00|418.41|0.00|0.00|0.00|0.00|0.00|0.00|
|C100|1|0|98765432000188|55|00|000000132|000|18032024|18032024|37738.13|0.00|0.00|0.00|0.00|0.00|0.00|0.00|0.00|0.00|0|99900011000155|
|C170|1|PROD006|EMBALAGEM PADRAO F|16.79|UN|172.26|5101|40|0.00|12.00|0.00|0.00|0.00|0.00|0.00|0.00|0.00|
|C170|2|PROD003|MATERIAL BRUTO C|6.00|UN|1788.36|5101|60|0.00|12.00|0.00|0.00|0.00|0.00|0.00|0.00|0.00|
|C170|3|PROD008|CONJUNTO MONTADO H|48.15|UN|35777.51|5101|50|0.00|12.00|0.00|0.00|0.00|0.00|0.00|0.00|0.00|
|C100|1|0|98765432000188|55|00|000000133|000|20032024|23032024|61932.42|56015.34|6721.84|0.00|0.00|0.00|0.00|0.00|0.00|0.00|0|33366699000100|
|C170|1|PROD002|COMPONENTE ELETRICO B|9.23|UN|285.39|5401|00|243.30|12.00|29.20|0.00|0.00|0.00|0.00|0.00|0.00|
|C170|2|PROD008|CONJUNTO MONTADO H|25.94|UN|23501.26|5401|00|21786.87|12.00|2614.42|0.00|0.00|0.00|0.00|0.00|0.00|
|C170|3|PROD008|CONJUNTO MONTADO H|27.72|UN|37378.96|5401|20|33294.00|12.00|3995.28|0.00|0.00|0.00|0.00|0.00|0.00|
|C170|4|PROD003|MATERIAL BRUTO C|2.77|UN|746.21|5401|20|670.59|12.00|80.47|0.00|0.00|0.00|0.00|0.00|0.00|
|C170|5|PROD006|EMBALAGEM PADRAO F|2.71|UN|20.60|5401|00|20.58|12.00|2.47|0.00|0.00|0.00|0.00|0.00|0.00|
|C100|1|0|98765432000188|55|00|000000134|000|20032024|20032024|42346.31|41462.09|4975.45|0.00|0.00|0.00|0.00|0.00|0.00|0.00|0|55512312300010|
|C170|1|PROD004|PRODUTO ACABADO D|38.20|UN|37091.58|6101|90|36284.06|12.00|4354.09|0.00|0.00|0.00|0.00|0.00|0.00|
|C170|2|PROD007|PARTE SOBRESSALENTE G|41.59|UN|5254.73|6101|10|5178.03|12.00|621.36|0.00|0.00|0.00|0.00|0.00|0.00|
|C100|1|0|98765432000188|55|00|000000135|000|03032024|06032024|10936.99|0.00|0.00|0.00|0.00|0.00|0.00|0.00|0.00|0.00|0|22244466000133|
|C170|1|PROD001|PECA MECANICA TIPO A|9.42|UN|828.39|6101|41|0.00|12.00|0.00|0.00|0.00|0.00|0.00|0.00|0.00|
|C170|2|PROD007|PARTE SOBRESSALENTE G|28.27|UN|3121.17|6101|40|0.00|12.00|0.00|0.00|0.00|0.00|0.00|0.00|0.00|
|C170|3|PROD007|PARTE SOBRESSALENTE G|48.94|UN|6987.43|6101|40|0.00|12.00|0.00|0.00|0.00|0.00|0.00|0.00|0.00|
|C100|1|0|98765432000188|55|00|000000136|000|18032024|19032024|6757.88|5607.11|672.86|0.00|0.00|0.00|0.00|0.00|0.00|0.00|0|33366699000100|
|C170|1|PROD006|EMBALAGEM PADRAO F|44.42|UN|351.39|5403|50|0.00|12.00|0.00|0.00|0.00|0.00|0.00|0.00|0.00|
|C170|2|PROD006|EMBALAGEM PADRAO F|6.41|UN|48.85|5403|40|0.00|12.00|0.00|0.00|0.00|0.00|0.00|0.00|0.00|
|C170|3|PROD005|INSUMO INDUSTRIAL E|33.90|UN|738.98|5403|00|726.39|12.00|87.17|0.00|0.00|0.00|0.00|0.00|0.00|
|C170|4|PROD007|PARTE SOBRESSALENTE G|42.70|UN|5618.66|5403|20|4880.72|12.00|585.69|0.00|0.00|0.00|0.00|0.00|0.00|
|C100|1|0|98765432000188|55|00|000000137|000|06032024|07032024|21.82|19.74|2.37|0.00|0.00|0.00|0.00|0.00|0.00|0.00|0|55512312300010|
|C170|1|PROD006|EMBALAGEM PADRAO F|2.33|UN|21.82|5401|51|19.74|12.00|2.37|0.00|0.00|0.00|0.00|0.00|0.00|
|C100|1|0|98765432000188|55|00|000000138|000|23032024|26032024|9065.46|8061.04|967.32|0.00|0.00|0.00|0.00|0.00|0.00|0.00|0|99900011000155|
|C170|1|PROD003|MATERIAL BRUTO C|39.27|UN|9065.46|6101|00|8061.04|12.00|967.32|0.00|0.00|0.00|0.00|0.00|0.00|
|C100|1|0|98765432000188|55|00|000000139|000|18032024|20032024|38461.75|3179.80|381.57|0.00|0.00|0.00|0.00|0.00|0.00|0.00|0|77788899000177|
|C170|1|PROD002|COMPONENTE ELETRICO B|36.34|UN|2273.54|6102|00|2182.28|12.00|261.87|0.00|0.00|0.00|0.00|0.00|0.00|
|C170|2|PROD004|PRODUTO ACABADO D|37.04|UN|34352.37|6102|30|0.00|12.00|0.00|0.00|0.00|0.00|0.00|0.00|0.00|
|C170|3|PROD005|INSUMO INDUSTRIAL E|43.66|UN|788.15|6102|30|0.00|12.00|0.00|0.00|0.00|0.00|0.00|0.00|0.00|
|C170|4|PROD005|INSUMO INDUSTRIAL E|31.86|UN|1047.69|6102|51|997.52|12.00|119.70|0.00|0.00|0.00|0.00|0.00|0.00|
|C100|1|0|98765432000188|55|00|000000140|000|24032024|25032024|36039.24|25650.93|3078.11|0.00|0.00|0.00|0.00|0.00|0.00|0.00|0|55512312300010|
|C170|1|PROD005|INSUMO INDUSTRIAL E|5.59|UN|119.43|5102|00|112.79|12.00|13.53|0.00|0.00|0.00|0.00|0.00|0.00|
|C170|2|PROD008|CONJUNTO MONTADO H|22.67|UN|26483.41|5102|51|25538.14|12.00|3064.58|0.00|0.00|0.00|0.00|0.00|0.00|
|C170|3|PROD008|CONJUNTO MONTADO H|8.08|UN|8505.42|5102|41|0.00|12.00|0.00|0.00|0.00|0.00|0.00|0.00|0.00|
|C170|4|PROD002|COMPONENTE ELETRICO B|21.40|UN|930.98|5102|30|0.00|12.00|0.00|0.00|0.00|0.00|0.00|0.00|0.00|
|C100|1|0|98765432000188|55|00|000000141|000|21032024|21032024|1873.41|1735.01|208.20|0.00|0.00|0.00|0.00|0.00|0.00|0.00|0|99900011000155|
|C170|1|PROD002|COMPONENTE ELETRICO B|47.43|UN|1873.41|6101|00|1735.01|12.00|208.20|0.00|0.00|0.00|0.00|0.00|0.00|
|C100|1|0|98765432000188|55|00|000000142|000|06032024|06032024|1249.43|753.03|90.36|0.00|0.00|0.00|0.00|0.00|0.00|0.00|0|77788899000177|
|C170|1|PROD005|INSUMO INDUSTRIAL E|43.22|UN|779.17|5401|20|753.03|12.00|90.36|0.00|0.00|0.00|0.00|0.00|0.00|
|C170|2|PROD006|EMBALAGEM PADRAO F|39.14|UN|222.69|5401|60|0.00|12.00|0.00|0.00|0.00|0.00|0.00|0.00|0.00|
|C170|3|PROD006|EMBALAGEM PADRAO F|29.72|UN|247.57|5401|50|0.00|12.00|0.00|0.00|0.00|0.00|0.00|0.00|0.00|
|C100|1|0|98765432000188|55|00|000000143|000|26032024|28032024|45857.21|173.58|20.83|0.00|0.00|0.00|0.00|0.00|0.00|0.00|0|55512312300010|
|C170|1|PROD008|CONJUNTO MONTADO H|39.30|UN|44902.03|5102|30|0.00|12.00|0.00|0.00|0.00|0.00|0.00|0.00|0.00|
|C170|2|PROD005|INSUMO INDUSTRIAL E|9.04|UN|202.65|5102|00|173.58|12.00|20.83|0.00|0.00|0.00|0.00|0.00|0.00|
|C170|3|PROD001|PECA MECANICA TIPO A|7.10|UN|752.53|5102|40|0.00|12.00|0.00|0.00|0.00|0.00|0.00|0.00|0.00|
|C100|1|0|98765432000188|55|00|000000144|000|28032024|28032024|32464.37|23845.05|2861.40|0.00|0.00|0.00|0.00|0.00|0.00|0.00|0|77788899000177|
|C170|1|PROD004|PRODUTO ACABADO D|44.60|UN|23566.76|5102|10|22391.61|12.00|2686.99|0.00|0.00|0.00|0.00|0.00|0.00|
|C170|2|PROD003|MATERIAL BRUTO C|29.12|UN|7275.72|5102|50|0.00|12.00|0.00|0.00|0.00|0.00|0.00|0.00|0.00|
|C170|3|PROD003|MATERIAL BRUTO C|5.45|UN|1273.17|5102|00|1148.54|12.00|137.82|0.00|0.00|0.00|0.00|0.00|0.00|
|C170|4|PROD002|COMPONENTE ELETRICO B|6.65|UN|348.72|5102|00|304.90|12.00|36.59|0.00|0.00|0.00|0.00|0.00|0.00|
|C100|1|0|98765432000188|55|00|000000145|000|21032024|23032024|54554.95|47564.29|5707.71|0.00|0.00|0.00|0.00|0.00|0.00|0.00|0|55512312300010|
|C170|1|PROD008|CONJUNTO MONTADO H|20.80|UN|15742.63|5102|10|14447.84|12.00|1733.74|0.00|0.00|0.00|0.00|0.00|0.00|
|C170|2|PROD006|EMBALAGEM PADRAO F|32.06|UN|253.92|5102|00|221.05|12.00|26.53|0.00|0.00|0.00|0.00|0.00|0.00|
|C170|3|PROD005|INSUMO INDUSTRIAL E|6.18|UN|114.88|5102|00|112.12|12.00|13.45|0.00|0.00|0.00|0.00|0.00|0.00|
|C170|4|PROD005|INSUMO INDUSTRIAL E|33.16|UN|884.84|5102|40|0.00|12.00|0.00|0.00|0.00|0.00|0.00|0.00|0.00|
|C170|5|PROD008|CONJUNTO MONTADO H|32.17|UN|37558.68|5102|00|32783.28|12.00|3933.99|0.00|0.00|0.00|0.00|0.00|0.00|
|C100|1|0|98765432000188|55|00|000000146|000|05032024|05032024|33291.24|21910.43|2629.25|0.00|0.00|0.00|0.00|0.00|0.00|0.00|0|99900011000155|
|C170|1|PROD008|CONJUNTO MONTADO H|32.02|UN|24661.60|6102|00|21910.43|12.00|2629.25|0.00|0.00|0.00|0.00|0.00|0.00|
|C170|2|PROD003|MATERIAL BRUTO C|30.68|UN|8629.64|6102|40|0.00|12.00|0.00|0.00|0.00|0.00|0.00|0.00|0.00|
|C100|1|0|98765432000188|55|00|000000147|000|11032024|11032024|7426.85|3124.13|374.90|0.00|0.00|0.00|0.00|0.00|0.00|0.00|0|99900011000155|
|C170|1|PROD007|PARTE SOBRESSALENTE G|41.44|UN|4260.66|6101|70|0.00|12.00|0.00|0.00|0.00|0.00|0.00|0.00|0.00|
|C170|2|PROD001|PECA MECANICA TIPO A|46.59|UN|3166.19|6101|00|3124.13|12.00|374.90|0.00|0.00|0.00|0.00|0.00|0.00|
|C100|1|0|98765432000188|55|00|000000148|000|09032024|12032024|16091.46|15211.29|1825.36|0.00|0.00|0.00|0.00|0.00|0.00|0.00|0|99900011000155|
|C170|1|PROD003|MATERIAL BRUTO C|38.41|UN|9347.28|5102|00|9115.05|12.00|1093.81|0.00|0.00|0.00|0.00|0.00|0.00|
|C170|2|PROD007|PARTE SOBRESSALENTE G|49.59|UN|6660.43|5102|20|6021.75|12.00|722.61|0.00|0.00|0.00|0.00|0.00|0.00|
|C170|3|PROD006|EMBALAGEM PADRAO F|12.32|UN|83.75|5102|00|74.49|12.00|8.94|0.00|0.00|0.00|0.00|0.00|0.00|
|C100|1|0|98765432000188|55|00|000000149|000|11032024|11032024|33014.12|21108.26|2532.99|0.00|0.00|0.00|0.00|0.00|0.00|0.00|0|22244466000133|
|C170|1|PROD003|MATERIAL BRUTO C|24.77|UN|6872.78|5401|41|0.00|12.00|0.00|0.00|0.00|0.00|0.00|0.00|0.00|
|C170|2|PROD004|PRODUTO ACABADO D|37.22|UN|21470.97|5401|00|21108.26|12.00|2532.99|0.00|0.00|0.00|0.00|0.00|0.00|
|C170|3|PROD007|PARTE SOBRESSALENTE G|38.05|UN|4670.37|5401|41|0.00|12.00|0.00|0.00|0.00|0.00|0.00|0.00|0.00|
|C100|1|0|98765432000188|55|00|000000150|000|13032024|15032024|93788.10|32943.68|3953.24|0.00|0.00|0.00|0.00|0.00|0.00|0.00|0|33366699000100|
|C170|1|PROD005|INSUMO INDUSTRIAL E|28.35|UN|543.98|5101|00|511.01|12.00|61.32|0.00|0.00|0.00|0.00|0.00|0.00|
|C170|2|PROD008|CONJUNTO MONTADO H|11.97|UN|12036.53|5101|40|0.00|12.00|0.00|0.00|0.00|0.00|0.00|0.00|0.00|
|C170|3|PROD003|MATERIAL BRUTO C|47.47|UN|11917.15|5101|30|0.00|12.00|0.00|0.00|0.00|0.00|0.00|0.00|0.00|
|C170|4|PROD008|CONJUNTO MONTADO H|31.15|UN|32435.55|5101|20|32432.67|12.00|3891.92|0.00|0.00|0.00|0.00|0.00|0.00|
|C170|5|PROD004|PRODUTO ACABADO D|37.67|UN|36854.89|5101|40|0.00|12.00|0.00|0.00|0.00|0.00|0.00|0.00|0.00|
|C100|1|0|98765432000188|55|00|000000151|000|09032024|10032024|30001.82|28553.36|3426.41|0.00|0.00|0.00|0.00|0.00|0.00|0.00|0|33366699000100|
|C170|1|PROD001|PECA MECANICA TIPO A|49.43|UN|2476.84|5102|00|2301.13|12.00|276.14|0.00|0.00|0.00|0.00|0.00|0.00|
|C170|2|PROD008|CONJUNTO MONTADO H|11.32|UN|13922.16|5102|00|12825.39|12.00|1539.05|0.00|0.00|0.00|0.00|0.00|0.00|
|C170|3|PROD008|CONJUNTO MONTADO H|9.84|UN|13602.82|5102|51|13426.84|12.00|1611.22|0.00|0.00|0.00|0.00|0.00|0.00|
|C100|1|0|98765432000188|55|00|000000152|000|15032024|17032024|73700.94|42695.97|5123.52|0.00|0.00|0.00|0.00|0.00|0.00|0.00|0|55512312300010|
|C170|1|PROD004|PRODUTO ACABADO D|22.05|UN|12731.01|5101|40|0.00|12.00|0.00|0.00|0.00|0.00|0.00|0.00|0.00|
|C170|2|PROD002|COMPONENTE ELETRICO B|46.31|UN|2808.18|5101|40|0.00|12.00|0.00|0.00|0.00|0.00|0.00|0.00|0.00|
|C170|3|PROD004|PRODUTO ACABADO D|45.23|UN|42979.36|5101|00|42695.97|12.00|5123.52|0.00|0.00|0.00|0.00|0.00|0.00|
|C170|4|PROD008|CONJUNTO MONTADO H|8.81|UN|12280.50|5101|30|0.00|12.00|0.00|0.00|0.00|0.00|0.00|0.00|0.00|
|C170|5|PROD001|PECA MECANICA TIPO A|45.89|UN|2901.89|5101|40|0.00|12.00|0.00|0.00|0.00|0.00|0.00|0.00|0.00|
|C100|1|0|98765432000188|55|00|000000153|000|12032024|13032024|3352.35|1011.46|121.38|0.00|0.00|0.00|0.00|0.00|0.00|0.00|0|33366699000100|
|C170|1|PROD002|COMPONENTE ELETRICO B|30.58|UN|2263.00|5403|41|0.00|12.00|0.00|0.00|0.00|0.00|0.00|0.00|0.00|
|C170|2|PROD001|PECA MECANICA TIPO A|19.11|UN|1089.35|5403|00|1011.46|12.00|121.38|0.00|0.00|0.00|0.00|0.00|0.00|
|C100|1|0|98765432000188|55|00|000000154|000|19032024|19032024|45015.29|42053.48|5046.42|0.00|0.00|0.00|0.00|0.00|0.00|0.00|0|99900011000155|
|C170|1|PROD008|CONJUNTO MONTADO H|40.15|UN|45015.29|6101|00|42053.48|12.00|5046.42|0.00|0.00|0.00|0.00|0.00|0.00|
|C100|1|0|98765432000188|55|00|000000155|000|27032024|28032024|5518.21|3707.10|444.85|0.00|0.00|0.00|0.00|0.00|0.00|0.00|0|22244466000133|
|C170|1|PROD007|PARTE SOBRESSALENTE G|13.51|UN|1297.02|5401|60|0.00|12.00|0.00|0.00|0.00|0.00|0.00|0.00|0.00|
|C170|2|PROD001|PECA MECANICA TIPO A|37.52|UN|4221.19|5401|10|3707.10|12.00|444.85|0.00|0.00|0.00|0.00|0.00|0.00|
|C100|1|0|98765432000188|55|00|000000156|000|07032024|08032024|39473.78|33589.30|4030.73|0.00|0.00|0.00|0.00|0.00|0.00|0.00|0|33366699000100|
|C170|1|PROD006|EMBALAGEM PADRAO F|14.25|UN|153.89|5401|51|146.39|12.00|17.57|0.00|0.00|0.00|0.00|0.00|0.00|
|C170|2|PROD006|EMBALAGEM PADRAO F|11.57|UN|81.45|5401|00|71.63|12.00|8.60|0.00|0.00|0.00|0.00|0.00|0.00|
|C170|3|PROD007|PARTE SOBRESSALENTE G|31.71|UN|4494.96|5401|50|0.00|12.00|0.00|0.00|0.00|0.00|0.00|0.00|0.00|
|C170|4|PROD004|PRODUTO ACABADO D|43.43|UN|34491.31|5401|00|33148.56|12.00|3977.83|0.00|0.00|0.00|0.00|0.00|0.00|
|C170|5|PROD006|EMBALAGEM PADRAO F|38.38|UN|252.17|5401|10|222.72|12.00|26.73|0.00|0.00|0.00|0.00|0.00|0.00|
|C100|1|0|98765432000188|55|00|000000157|000|21032024|22032024|5253.90|1268.00|152.16|0.00|0.00|0.00|0.00|0.00|0.00|0.00|0|33366699000100|
|C170|1|PROD006|EMBALAGEM PADRAO F|25.63|UN|278.64|5101|40|0.00|12.00|0.00|0.00|0.00|0.00|0.00|0.00|0.00|
|C170|2|PROD006|EMBALAGEM PADRAO F|46.22|UN|269.45|5101|00|265.84|12.00|31.90|0.00|0.00|0.00|0.00|0.00|0.00|
|C170|3|PROD007|PARTE SOBRESSALENTE G|9.18|UN|1098.96|5101|50|0.00|12.00|0.00|0.00|0.00|0.00|0.00|0.00|0.00|
|C170|4|PROD002|COMPONENTE ELETRICO B|47.18|UN|2535.40|5101|40|0.00|12.00|0.00|0.00|0.00|0.00|0.00|0.00|0.00|
|C170|5|PROD003|MATERIAL BRUTO C|4.83|UN|1071.45|5101|51|1002.16|12.00|120.26|0.00|0.00|0.00|0.00|0.00|0.00|
|C100|1|0|98765432000188|55|00|000000158|000|27032024|28032024|35508.39|32844.41|3941.33|0.00|0.00|0.00|0.00|0.00|0.00|0.00|0|99900011000155|
|C170|1|PROD008|CONJUNTO MONTADO H|31.55|UN|25983.51|5403|00|23582.25|12.00|2829.87|0.00|0.00|0.00|0.00|0.00|0.00|
|C170|2|PROD003|MATERIAL BRUTO C|29.56|UN|9524.88|5403|10|9262.16|12.00|1111.46|0.00|0.00|0.00|0.00|0.00|0.00|
|C100|1|0|98765432000188|55|00|000000159|000|07032024|07032024|56305.01|44822.29|5378.67|0.00|0.00|0.00|0.00|0.00|0.00|0.00|0|99900011000155|
|C170|1|PROD004|PRODUTO ACABADO D|45.79|UN|43365.51|5101|51|37174.97|12.00|4461.00|0.00|0.00|0.00|0.00|0.00|0.00|
|C170|2|PROD005|INSUMO INDUSTRIAL E|19.25|UN|442.92|5101|00|386.04|12.00|46.32|0.00|0.00|0.00|0.00|0.00|0.00|
|C170|3|PROD003|MATERIAL BRUTO C|22.44|UN|4687.03|5101|40|0.00|12.00|0.00|0.00|0.00|0.00|0.00|0.00|0.00|
|C170|4|PROD004|PRODUTO ACABADO D|7.20|UN|3934.13|5101|00|3841.84|12.00|461.02|0.00|0.00|0.00|0.00|0.00|0.00|
|C170|5|PROD003|MATERIAL BRUTO C|19.03|UN|3875.42|5101|00|3419.44|12.00|410.33|0.00|0.00|0.00|0.00|0.00|0.00|
|C100|1|0|98765432000188|55|00|000000160|000|25032024|27032024|28192.82|8813.04|1057.56|0.00|0.00|0.00|0.00|0.00|0.00|0.00|0|22244466000133|
|C170|1|PROD002|COMPONENTE ELETRICO B|49.69|UN|2137.79|5403|00|2073.00|12.00|248.76|0.00|0.00|0.00|0.00|0.00|0.00|
|C170|2|PROD007|PARTE SOBRESSALENTE G|48.60|UN|7065.22|5403|00|6740.04|12.00|808.80|0.00|0.00|0.00|0.00|0.00|0.00|
|C170|3|PROD008|CONJUNTO MONTADO H|14.21|UN|18989.81|5403|30|0.00|12.00|0.00|0.00|0.00|0.00|0.00|0.00|0.00|
|C100|1|0|98765432000188|55|00|000000161|000|08032024|08032024|2405.49|2114.56|253.75|0.00|0.00|0.00|0.00|0.00|0.00|0.00|0|22244466000133|
|C170|1|PROD002|COMPONENTE ELETRICO B|40.44|UN|2405.49|5102|00|2114.56|12.00|253.75|0.00|0.00|0.00|0.00|0.00|0.00|
|C100|1|0|98765432000188|55|00|000000162|000|05032024|07032024|2728.26|0.00|0.00|0.00|0.00|0.00|0.00|0.00|0.00|0.00|0|22244466000133|
|C170|1|PROD002|COMPONENTE ELETRICO B|33.52|UN|2728.26|5101|40|0.00|12.00|0.00|0.00|0.00|0.00|0.00|0.00|0.00|
|C100|1|0|98765432000188|55|00|000000163|000|31032024|31032024|3203.94|0.00|0.00|0.00|0.00|0.00|0.00|0.00|0.00|0.00|0|77788899000177|
|C170|1|PROD004|PRODUTO ACABADO D|2.21|UN|1142.76|5101|41|0.00|12.00|0.00|0.00|0.00|0.00|0.00|0.00|0.00|
|C170|2|PROD002|COMPONENTE ELETRICO B|34.00|UN|2061.18|5101|70|0.00|12.00|0.00|0.00|0.00|0.00|0.00|0.00|0.00|
|C100|1|0|98765432000188|55|00|000000164|000|06032024|07032024|13718.81|3527.66|423.32|0.00|0.00|0.00|0.00|0.00|0.00|0.00|0|33366699000100|
|C170|1|PROD003|MATERIAL BRUTO C|40.27|UN|10088.64|6101|50|0.00|12.00|0.00|0.00|0.00|0.00|0.00|0.00|0.00|
|C170|2|PROD007|PARTE SOBRESSALENTE G|35.49|UN|3630.17|6101|10|3527.66|12.00|423.32|0.00|0.00|0.00|0.00|0.00|0.00|
|C100|1|0|98765432000188|55|00|000000165|000|20032024|20032024|4773.76|3613.96|433.68|0.00|0.00|0.00|0.00|0.00|0.00|0.00|0|22244466000133|
|C170|1|PROD003|MATERIAL BRUTO C|11.11|UN|2785.58|5401|10|2680.23|12.00|321.63|0.00|0.00|0.00|0.00|0.00|0.00|
|C170|2|PROD005|INSUMO INDUSTRIAL E|42.81|UN|968.32|5401|50|0.00|12.00|0.00|0.00|0.00|0.00|0.00|0.00|0.00|
|C170|3|PROD007|PARTE SOBRESSALENTE G|11.00|UN|1019.86|5401|90|933.73|12.00|112.05|0.00|0.00|0.00|0.00|0.00|0.00|
|C100|1|0|98765432000188|55|00|000000166|000|28032024|31032024|2836.79|2567.15|308.06|0.00|0.00|0.00|0.00|0.00|0.00|0.00|0|22244466000133|
|C170|1|PROD002|COMPONENTE ELETRICO B|24.61|UN|838.22|6102|10|767.84|12.00|92.14|0.00|0.00|0.00|0.00|0.00|0.00|
|C170|2|PROD008|CONJUNTO MONTADO H|1.58|UN|1998.57|6102|90|1799.31|12.00|215.92|0.00|0.00|0.00|0.00|0.00|0.00|
|C100|1|0|98765432000188|55|00|000000167|000|25032024|26032024|8834.96|7819.25|938.31|0.00|0.00|0.00|0.00|0.00|0.00|0.00|0|77788899000177|
|C170|1|PROD006|EMBALAGEM PADRAO F|39.30|UN|268.45|5401|90|242.93|12.00|29.15|0.00|0.00|0.00|0.00|0.00|0.00|
|C170|2|PROD003|MATERIAL BRUTO C|30.61|UN|8566.51|5401|10|7576.32|12.00|909.16|0.00|0.00|0.00|0.00|0.00|0.00|
|C100|1|0|98765432000188|55|00|000000168|000|20032024|23032024|7614.04|454.54|54.54|0.00|0.00|0.00|0.00|0.00|0.00|0.00|0|55512312300010|
|C170|1|PROD003|MATERIAL BRUTO C|26.07|UN|7112.90|5101|70|0.00|12.00|0.00|0.00|0.00|0.00|0.00|0.00|0.00|
|C170|2|PROD007|PARTE SOBRESSALENTE G|4.39|UN|501.14|5101|00|454.54|12.00|54.54|0.00|0.00|0.00|0.00|0.00|0.00|
|C100|1|0|98765432000188|55|00|000000169|000|08032024|10032024|3780.32|0.00|0.00|0.00|0.00|0.00|0.00|0.00|0.00|0.00|0|33366699000100|
|C170|1|PROD001|PECA MECANICA TIPO A|37.37|UN|3780.32|5102|40|0.00|12.00|0.00|0.00|0.00|0.00|0.00|0.00|0.00|
|C100|1|0|98765432000188|55|00|000000170|000|26032024|27032024|216.31|204.61|24.55|0.00|0.00|0.00|0.00|0.00|0.00|0.00|0|33366699000100|
|C170|1|PROD001|PECA MECANICA TIPO A|2.12|UN|216.31|5401|00|204.61|12.00|24.55|0.00|0.00|0.00|0.00|0.00|0.00|
|C100|1|0|98765432000188|55|00|000000171|000|26032024|26032024|30738.49|26603.61|3192.43|0.00|0.00|0.00|0.00|0.00|0.00|0.00|0|99900011000155|
|C170|1|PROD004|PRODUTO ACABADO D|36.20|UN|24512.34|6102|10|22683.68|12.00|2722.04|0.00|0.00|0.00|0.00|0.00|0.00|
|C170|2|PROD005|INSUMO INDUSTRIAL E|47.42|UN|998.71|6102|00|888.29|12.00|106.59|0.00|0.00|0.00|0.00|0.00|0.00|
|C170|3|PROD005|INSUMO INDUSTRIAL E|28.53|UN|715.25|6102|40|0.00|12.00|0.00|0.00|0.00|0.00|0.00|0.00|0.00|
|C170|4|PROD005|INSUMO INDUSTRIAL E|29.15|UN|1044.70|6102|40|0.00|12.00|0.00|0.00|0.00|0.00|0.00|0.00|0.00|
|C170|5|PROD003|MATERIAL BRUTO C|13.74|UN|3467.49|6102|00|3031.64|12.00|363.80|0.00|0.00|0.00|0.00|0.00|0.00|
|C100|1|0|98765432000188|55|00|000000172|000|21032024|21032024|7013.37|5899.30|707.92|0.00|0.00|0.00|0.00|0.00|0.00|0.00|0|99900011000155|
|C170|1|PROD002|COMPONENTE ELETRICO B|17.00|UN|991.84|6102|40|0.00|12.00|0.00|0.00|0.00|0.00|0.00|0.00|0.00|
|C170|2|PROD005|INSUMO INDUSTRIAL E|25.24|UN|836.55|6102|10|812.31|12.00|97.48|0.00|0.00|0.00|0.00|0.00|0.00|
|C170|3|PROD007|PARTE SOBRESSALENTE G|44.60|UN|5184.98|6102|51|5086.99|12.00|610.44|0.00|0.00|0.00|0.00|0.00|0.00|
|C100|1|0|98765432000188|55|00|000000173|000|30032024|31032024|1831.70|869.34|104.32|0.00|0.00|0.00|0.00|0.00|0.00|0.00|0|22244466000133|
|C170|1|PROD001|PECA MECANICA TIPO A|17.34|UN|874.14|5401|51|869.34|12.00|104.32|0.00|0.00|0.00|0.00|0.00|0.00|
|C170|2|PROD005|INSUMO INDUSTRIAL E|26.60|UN|957.56|5401|60|0.00|12.00|0.00|0.00|0.00|0.00|0.00|0.00|0.00|
|C100|1|0|98765432000188|55|00|000000174|000|12032024|12032024|46481.97|30511.34|3661.36|0.00|0.00|0.00|0.00|0.00|0.00|0.00|0|33366699000100|
|C170|1|PROD008|CONJUNTO MONTADO H|4.48|UN|5374.75|5101|40|0.00|12.00|0.00|0.00|0.00|0.00|0.00|0.00|0.00|
|C170|2|PROD006|EMBALAGEM PADRAO F|30.08|UN|248.14|5101|00|227.26|12.00|27.27|0.00|0.00|0.00|0.00|0.00|0.00|
|C170|3|PROD007|PARTE SOBRESSALENTE G|6.17|UN|926.49|5101|40|0.00|12.00|0.00|0.00|0.00|0.00|0.00|0.00|0.00|
|C170|4|PROD007|PARTE SOBRESSALENTE G|36.68|UN|4761.93|5101|41|0.00|12.00|0.00|0.00|0.00|0.00|0.00|0.00|0.00|
|C170|5|PROD004|PRODUTO ACABADO D|43.55|UN|35170.66|5101|00|30284.08|12.00|3634.09|0.00|0.00|0.00|0.00|0.00|0.00|
|C100|1|0|98765432000188|55|00|000000175|000|28032024|31032024|2851.38|0.00|0.00|0.00|0.00|0.00|0.00|0.00|0.00|0.00|0|99900011000155|
|C170|1|PROD001|PECA MECANICA TIPO A|13.04|UN|721.58|5401|40|0.00|12.00|0.00|0.00|0.00|0.00|0.00|0.00|0.00|
|C170|2|PROD002|COMPONENTE ELETRICO B|1.99|UN|91.10|5401|50|0.00|12.00|0.00|0.00|0.00|0.00|0.00|0.00|0.00|
|C170|3|PROD002|COMPONENTE ELETRICO B|14.41|UN|1196.85|5401|40|0.00|12.00|0.00|0.00|0.00|0.00|0.00|0.00|0.00|
|C170|4|PROD005|INSUMO INDUSTRIAL E|24.64|UN|841.85|5401|50|0.00|12.00|0.00|0.00|0.00|0.00|0.00|0.00|0.00|
|C100|1|0|98765432000188|55|00|000000176|000|03032024|03032024|23860.35|337.11|40.45|0.00|0.00|0.00|0.00|0.00|0.00|0.00|0|33366699000100|
|C170|1|PROD004|PRODUTO ACABADO D|36.28|UN|20816.95|5102|40|0.00|12.00|0.00|0.00|0.00|0.00|0.00|0.00|0.00|
|C170|2|PROD005|INSUMO INDUSTRIAL E|38.88|UN|1133.89|5102|40|0.00|12.00|0.00|0.00|0.00|0.00|0.00|0.00|0.00|
|C170|3|PROD001|PECA MECANICA TIPO A|2.95|UN|345.80|5102|20|337.11|12.00|40.45|0.00|0.00|0.00|0.00|0.00|0.00|
|C170|4|PROD005|INSUMO INDUSTRIAL E|44.35|UN|1563.71|5102|70|0.00|12.00|0.00|0.00|0.00|0.00|0.00|0.00|0.00|
|C100|1|0|98765432000188|55|00|000000177|000|01032024|04032024|36004.50|30722.56|3686.70|0.00|0.00|0.00|0.00|0.00|0.00|0.00|0|22244466000133|
|C170|1|PROD003|MATERIAL BRUTO C|35.20|UN|9553.31|5101|90|8271.61|12.00|992.59|0.00|0.00|0.00|0.00|0.00|0.00|
|C170|2|PROD007|PARTE SOBRESSALENTE G|21.39|UN|2688.63|5101|00|2424.49|12.00|290.94|0.00|0.00|0.00|0.00|0.00|0.00|
|C170|3|PROD005|INSUMO INDUSTRIAL E|9.30|UN|217.25|5101|60|0.00|12.00|0.00|0.00|0.00|0.00|0.00|0.00|0.00|
|C170|4|PROD005|INSUMO INDUSTRIAL E|5.13|UN|79.24|5101|10|74.60|12.00|8.95|0.00|0.00|0.00|0.00|0.00|0.00|
|C170|5|PROD004|PRODUTO ACABADO D|32.94|UN|23466.07|5101|00|19951.86|12.00|2394.22|0.00|0.00|0.00|0.00|0.00|0.00|
|C100|1|0|98765432000188|55|00|000000178|000|02032024|02032024|1827.00|21.13|2.54|0.00|0.00|0.00|0.00|0.00|0.00|0.00|0|22244466000133|
|C170|1|PROD002|COMPONENTE ELETRICO B|34.76|UN|1804.25|6101|40|0.00|12.00|0.00|0.00|0.00|0.00|0.00|0.00|0.00|
|C170|2|PROD006|EMBALAGEM PADRAO F|4.50|UN|22.75|6101|00|21.13|12.00|2.54|0.00|0.00|0.00|0.00|0.00|0.00|
|C100|1|0|98765432000188|55|00|000000179|000|26032024|27032024|208.68|182.06|21.85|0.00|0.00|0.00|0.00|0.00|0.00|0.00|0|33366699000100|
|C170|1|PROD001|PECA MECANICA TIPO A|4.06|UN|208.68|5403|00|182.06|12.00|21.85|0.00|0.00|0.00|0.00|0.00|0.00|
|C100|1|0|98765432000188|55|00|000000180|000|05032024|05032024|60261.51|1950.00|234.00|0.00|0.00|0.00|0.00|0.00|0.00|0.00|0|77788899000177|
|C170|1|PROD005|INSUMO INDUSTRIAL E|16.61|UN|628.14|5102|00|620.86|12.00|74.50|0.00|0.00|0.00|0.00|0.00|0.00|
|C170|2|PROD002|COMPONENTE ELETRICO B|41.78|UN|3003.07|5102|60|0.00|12.00|0.00|0.00|0.00|0.00|0.00|0.00|0.00|
|C170|3|PROD008|CONJUNTO MONTADO H|45.52|UN|55256.42|5102|40|0.00|12.00|0.00|0.00|0.00|0.00|0.00|0.00|0.00|
|C170|4|PROD005|INSUMO INDUSTRIAL E|39.70|UN|1373.88|5102|00|1329.14|12.00|159.50|0.00|0.00|0.00|0.00|0.00|0.00|
|C100|1|0|98765432000188|55|00|000000181|000|14032024|17032024|824.24|798.46|95.82|0.00|0.00|0.00|0.00|0.00|0.00|0.00|0|22244466000133|
|C170|1|PROD007|PARTE SOBRESSALENTE G|6.38|UN|824.24|5101|00|798.46|12.00|95.82|0.00|0.00|0.00|0.00|0.00|0.00|
|C100|1|0|98765432000188|55|00|000000182|000|08032024|09032024|7656.42|194.99|23.40|0.00|0.00|0.00|0.00|0.00|0.00|0.00|0|22244466000133|
|C170|1|PROD006|EMBALAGEM PADRAO F|28.80|UN|195.87|6101|00|194.99|12.00|23.40|0.00|0.00|0.00|0.00|0.00|0.00|
|C170|2|PROD003|MATERIAL BRUTO C|29.91|UN|7460.55|6101|40|0.00|12.00|0.00|0.00|0.00|0.00|0.00|0.00|0.00|
|C100|1|0|98765432000188|55|00|000000183|000|14032024|17032024|2252.65|0.00|0.00|0.00|0.00|0.00|0.00|0.00|0.00|0.00|0|55512312300010|
|C170|1|PROD001|PECA MECANICA TIPO A|43.84|UN|2252.65|5102|41|0.00|12.00|0.00|0.00|0.00|0.00|0.00|0.00|0.00|
|C100|1|0|98765432000188|55|00|000000184|000|09032024|11032024|30295.53|26174.81|3140.97|0.00|0.00|0.00|0.00|0.00|0.00|0.00|0|33366699000100|
|C170|1|PROD003|MATERIAL BRUTO C|37.20|UN|12468.62|6101|00|11567.62|12.00|1388.11|0.00|0.00|0.00|0.00|0.00|0.00|
|C170|2|PROD001|PECA MECANICA TIPO A|48.26|UN|2891.98|6101|10|2805.00|12.00|336.60|0.00|0.00|0.00|0.00|0.00|0.00|
|C170|3|PROD002|COMPONENTE ELETRICO B|32.19|UN|1054.83|6101|40|0.00|12.00|0.00|0.00|0.00|0.00|0.00|0.00|0.00|
|C170|4|PROD003|MATERIAL BRUTO C|47.43|UN|13880.10|6101|90|11802.19|12.00|1416.26|0.00|0.00|0.00|0.00|0.00|0.00|
|C100|1|0|98765432000188|55|00|000000185|000|10032024|11032024|13252.37|1446.04|173.52|0.00|0.00|0.00|0.00|0.00|0.00|0.00|0|77788899000177|
|C170|1|PROD004|PRODUTO ACABADO D|19.36|UN|11793.87|5401|40|0.00|12.00|0.00|0.00|0.00|0.00|0.00|0.00|0.00|
|C170|2|PROD002|COMPONENTE ELETRICO B|31.84|UN|1458.50|5401|20|1446.04|12.00|173.52|0.00|0.00|0.00|0.00|0.00|0.00|
|C100|1|0|98765432000188|55|00|000000186|000|05032024|05032024|27698.96|0.00|0.00|0.00|0.00|0.00|0.00|0.00|0.00|0.00|0|77788899000177|
|C170|1|PROD004|PRODUTO ACABADO D|34.82|UN|27698.96|5102|40|0.00|12.00|0.00|0.00|0.00|0.00|0.00|0.00|0.00|
|C100|1|0|98765432000188|55|00|000000187|000|08032024|08032024|35490.23|17179.23|2061.51|0.00|0.00|0.00|0.00|0.00|0.00|0.00|0|55512312300010|
|C170|1|PROD004|PRODUTO ACABADO D|16.05|UN|14842.24|6101|00|14275.77|12.00|1713.09|0.00|0.00|0.00|0.00|0.00|0.00|
|C170|2|PROD007|PARTE SOBRESSALENTE G|28.18|UN|3378.99|6101|00|2903.46|12.00|348.42|0.00|0.00|0.00|0.00|0.00|0.00|
|C170|3|PROD007|PARTE SOBRESSALENTE G|46.14|UN|7007.44|6101|40|0.00|12.00|0.00|0.00|0.00|0.00|0.00|0.00|0.00|
|C170|4|PROD004|PRODUTO ACABADO D|12.29|UN|10261.56|6101|60|0.00|12.00|0.00|0.00|0.00|0.00|0.00|0.00|0.00|
|C100|1|0|98765432000188|55|00|000000188|000|13032024|16032024|2444.00|0.00|0.00|0.00|0.00|0.00|0.00|0.00|0.00|0.00|0|22244466000133|
|C170|1|PROD005|INSUMO INDUSTRIAL E|8.68|UN|315.72|5403|40|0.00|12.00|0.00|0.00|0.00|0.00|0.00|0.00|0.00|
|C170|2|PROD001|PECA MECANICA TIPO A|22.27|UN|2128.28|5403|50|0.00|12.00|0.00|0.00|0.00|0.00|0.00|0.00|0.00|
|C100|1|0|98765432000188|55|00|000000189|000|03032024|03032024|44013.02|4886.90|586.43|0.00|0.00|0.00|0.00|0.00|0.00|0.00|0|99900011000155|
|C170|1|PROD001|PECA MECANICA TIPO A|43.38|UN|5167.54|5401|90|4886.90|12.00|586.43|0.00|0.00|0.00|0.00|0.00|0.00|
|C170|2|PROD004|PRODUTO ACABADO D|42.59|UN|36274.75|5401|60|0.00|12.00|0.00|0.00|0.00|0.00|0.00|0.00|0.00|
|C170|3|PROD007|PARTE SOBRESSALENTE G|17.86|UN|2089.19|5401|70|0.00|12.00|0.00|0.00|0.00|0.00|0.00|0.00|0.00|
|C170|4|PROD005|INSUMO INDUSTRIAL E|13.01|UN|481.54|5401|40|0.00|12.00|0.00|0.00|0.00|0.00|0.00|0.00|0.00|
|C100|1|0|98765432000188|55|00|000000190|000|12032024|13032024|10736.34|428.17|51.38|0.00|0.00|0.00|0.00|0.00|0.00|0.00|0|55512312300010|
|C170|1|PROD004|PRODUTO ACABADO D|11.38|UN|10293.76|5401|30|0.00|12.00|0.00|0.00|0.00|0.00|0.00|0.00|0.00|
|C170|2|PROD006|EMBALAGEM PADRAO F|42.60|UN|442.58|5401|00|428.17|12.00|51.38|0.00|0.00|0.00|0.00|0.00|0.00|
|C100|1|0|98765432000188|55|00|000000191|000|26032024|29032024|19437.62|8939.46|1072.73|0.00|0.00|0.00|0.00|0.00|0.00|0.00|0|77788899000177|
|C170|1|PROD008|CONJUNTO MONTADO H|7.28|UN|9479.68|5403|41|0.00|12.00|0.00|0.00|0.00|0.00|0.00|0.00|0.00|
|C170|2|PROD003|MATERIAL BRUTO C|38.75|UN|9434.17|5403|20|8451.16|12.00|1014.14|0.00|0.00|0.00|0.00|0.00|0.00|
|C170|3|PROD006|EMBALAGEM PADRAO F|31.77|UN|302.80|5403|00|290.52|12.00|34.86|0.00|0.00|0.00|0.00|0.00|0.00|
|C170|4|PROD006|EMBALAGEM PADRAO F|36.28|UN|220.97|5403|00|197.78|12.00|23.73|0.00|0.00|0.00|0.00|0.00|0.00|
|C100|1|0|98765432000188|55|00|000000192|000|14032024|16032024|31943.85|9736.54|1168.38|0.00|0.00|0.00|0.00|0.00|0.00|0.00|0|22244466000133|
|C170|1|PROD003|MATERIAL BRUTO C|28.10|UN|9765.51|6101|00|9736.54|12.00|1168.38|0.00|0.00|0.00|0.00|0.00|0.00|
|C170|2|PROD008|CONJUNTO MONTADO H|15.98|UN|21880.34|6101|40|0.00|12.00|0.00|0.00|0.00|0.00|0.00|0.00|0.00|
|C170|3|PROD005|INSUMO INDUSTRIAL E|11.70|UN|298.00|6101|30|0.00|12.00|0.00|0.00|0.00|0.00|0.00|0.00|0.00|
|C100|1|0|98765432000188|55|00|000000193|000|05032024|08032024|33335.85|8287.99|994.56|0.00|0.00|0.00|0.00|0.00|0.00|0.00|0|77788899000177|
|C170|1|PROD006|EMBALAGEM PADRAO F|1.26|UN|13.24|5401|00|12.64|12.00|1.52|0.00|0.00|0.00|0.00|0.00|0.00|
|C170|2|PROD003|MATERIAL BRUTO C|27.81|UN|6034.09|5401|00|5704.23|12.00|684.51|0.00|0.00|0.00|0.00|0.00|0.00|
|C170|3|PROD008|CONJUNTO MONTADO H|32.30|UN|24267.95|5401|40|0.00|12.00|0.00|0.00|0.00|0.00|0.00|0.00|0.00|
|C170|4|PROD002|COMPONENTE ELETRICO B|45.11|UN|3020.57|5401|20|2571.12|12.00|308.53|0.00|0.00|0.00|0.00|0.00|0.00|
|C100|1|0|98765432000188|55|00|000000194|000|29032024|29032024|8394.66|7329.08|879.49|0.00|0.00|0.00|0.00|0.00|0.00|0.00|0|33366699000100|
|C170|1|PROD003|MATERIAL BRUTO C|38.83|UN|8394.66|5101|10|7329.08|12.00|879.49|0.00|0.00|0.00|0.00|0.00|0.00|
|C100|1|0|98765432000188|55|00|000000195|000|12032024|13032024|11421.77|8090.07|970.81|0.00|0.00|0.00|0.00|0.00|0.00|0.00|0|55512312300010|
|C170|1|PROD002|COMPONENTE ELETRICO B|23.67|UN|1650.51|6101|20|1412.60|12.00|169.51|0.00|0.00|0.00|0.00|0.00|0.00|
|C170|2|PROD001|PECA MECANICA TIPO A|39.01|UN|2978.64|6101|60|0.00|12.00|0.00|0.00|0.00|0.00|0.00|0.00|0.00|
|C170|3|PROD003|MATERIAL BRUTO C|22.98|UN|6792.62|6101|00|6677.47|12.00|801.30|0.00|0.00|0.00|0.00|0.00|0.00|
|C100|1|0|98765432000188|55|00|000000196|000|25032024|26032024|3032.88|686.68|82.41|0.00|0.00|0.00|0.00|0.00|0.00|0.00|0|99900011000155|
|C170|1|PROD001|PECA MECANICA TIPO A|41.64|UN|2263.35|5101|40|0.00|12.00|0.00|0.00|0.00|0.00|0.00|0.00|0.00|
|C170|2|PROD006|EMBALAGEM PADRAO F|42.89|UN|302.82|5101|00|263.72|12.00|31.65|0.00|0.00|0.00|0.00|0.00|0.00|
|C170|3|PROD005|INSUMO INDUSTRIAL E|24.92|UN|466.71|5101|00|422.96|12.00|50.76|0.00|0.00|0.00|0.00|0.00|0.00|
|C100|1|0|98765432000188|55|00|000000197|000|19032024|21032024|1420.88|1112.62|133.52|0.00|0.00|0.00|0.00|0.00|0.00|0.00|0|22244466000133|
|C170|1|PROD006|EMBALAGEM PADRAO F|26.78|UN|205.68|5102|00|179.92|12.00|21.59|0.00|0.00|0.00|0.00|0.00|0.00|
|C170|2|PROD006|EMBALAGEM PADRAO F|20.29|UN|164.71|5102|40|0.00|12.00|0.00|0.00|0.00|0.00|0.00|0.00|0.00|
|C170|3|PROD005|INSUMO INDUSTRIAL E|35.05|UN|620.81|5102|10|535.06|12.00|64.21|0.00|0.00|0.00|0.00|0.00|0.00|
|C170|4|PROD007|PARTE SOBRESSALENTE G|4.01|UN|429.68|5102|51|397.64|12.00|47.72|0.00|0.00|0.00|0.00|0.00|0.00|
|C100|1|0|98765432000188|55|00|000000198|000|03032024|05032024|75016.16|31099.50|3731.94|0.00|0.00|0.00|0.00|0.00|0.00|0.00|0|22244466000133|
|C170|1|PROD007|PARTE SOBRESSALENTE G|44.86|UN|4069.97|5101|00|3944.28|12.00|473.31|0.00|0.00|0.00|0.00|0.00|0.00|
|C170|2|PROD008|CONJUNTO MONTADO H|33.84|UN|42661.13|5101|40|0.00|12.00|0.00|0.00|0.00|0.00|0.00|0.00|0.00|
|C170|3|PROD004|PRODUTO ACABADO D|44.54|UN|28285.06|5101|00|27155.22|12.00|3258.63|0.00|0.00|0.00|0.00|0.00|0.00|
|C100|1|0|98765432000188|55|00|000000199|000|28032024|28032024|14674.52|13266.06|1591.92|0.00|0.00|0.00|0.00|0.00|0.00|0.00|0|99900011000155|
|C170|1|PROD003|MATERIAL BRUTO C|41.82|UN|14062.23|5403|51|12703.32|12.00|1524.40|0.00|0.00|0.00|0.00|0.00|0.00|
|C170|2|PROD006|EMBALAGEM PADRAO F|14.94|UN|124.26|5403|00|120.36|12.00|14.44|0.00|0.00|0.00|0.00|0.00|0.00|
|C170|3|PROD006|EMBALAGEM PADRAO F|15.35|UN|170.98|5403|00|158.37|12.00|19.00|0.00|0.00|0.00|0.00|0.00|0.00|
|C170|4|PROD006|EMBALAGEM PADRAO F|29.88|UN|317.05|5403|00|284.01|12.00|34.08|0.00|0.00|0.00|0.00|0.00|0.00|
|C100|1|0|98765432000188|55|00|000000200|000|15032024|16032024|11568.12|6903.30|828.40|0.00|0.00|0.00|0.00|0.00|0.00|0.00|0|99900011000155|
|C170|1|PROD003|MATERIAL BRUTO C|32.91|UN|7961.92|5102|00|6778.89|12.00|813.47|0.00|0.00|0.00|0.00|0.00|0.00|
|C170|2|PROD006|EMBALAGEM PADRAO F|15.71|UN|143.59|5102|10|124.41|12.00|14.93|0.00|0.00|0.00|0.00|0.00|0.00|
|C170|3|PROD001|PECA MECANICA TIPO A|41.65|UN|3462.61|5102|30|0.00|12.00|0.00|0.00|0.00|0.00|0.00|0.00|0.00|
|C100|1|0|98765432000188|55|00|000000201|000|12032024|13032024|210.79|208.69|25.04|0.00|0.00|0.00|0.00|0.00|0.00|0.00|0|33366699000100|
|C170|1|PROD006|EMBALAGEM PADRAO F|22.57|UN|210.79|6101|10|208.69|12.00|25.04|0.00|0.00|0.00|0.00|0.00|0.00|
|C100|1|0|98765432000188|55|00|000000202|000|20032024|21032024|4482.18|4141.45|496.98|0.00|0.00|0.00|0.00|0.00|0.00|0.00|0|22244466000133|
|C170|1|PROD005|INSUMO INDUSTRIAL E|46.39|UN|1611.69|5102|00|1550.30|12.00|186.04|0.00|0.00|0.00|0.00|0.00|0.00|
|C170|2|PROD007|PARTE SOBRESSALENTE G|31.81|UN|2870.49|5102|10|2591.15|12.00|310.94|0.00|0.00|0.00|0.00|0.00|0.00|
|C100|1|0|98765432000188|55|00|000000203|000|20032024|22032024|11920.83|7097.28|851.67|0.00|0.00|0.00|0.00|0.00|0.00|0.00|0|77788899000177|
|C170|1|PROD007|PARTE SOBRESSALENTE G|34.97|UN|4068.29|6102|50|0.00|12.00|0.00|0.00|0.00|0.00|0.00|0.00|0.00|
|C170|2|PROD003|MATERIAL BRUTO C|33.74|UN|7852.54|6102|00|7097.28|12.00|851.67|0.00|0.00|0.00|0.00|0.00|0.00|
|C100|1|0|98765432000188|55|00|000000204|000|12032024|15032024|422.81|381.65|45.80|0.00|0.00|0.00|0.00|0.00|0.00|0.00|0|33366699000100|
|C170|1|PROD002|COMPONENTE ELETRICO B|5.65|UN|422.81|5101|00|381.65|12.00|45.80|0.00|0.00|0.00|0.00|0.00|0.00|
|C100|1|0|98765432000188|55|00|000000205|000|08032024|09032024|11075.11|6902.22|828.27|0.00|0.00|0.00|0.00|0.00|0.00|0.00|0|22244466000133|
|C170|1|PROD002|COMPONENTE ELETRICO B|17.51|UN|852.46|5401|40|0.00|12.00|0.00|0.00|0.00|0.00|0.00|0.00|0.00|
|C170|2|PROD002|COMPONENTE ELETRICO B|16.26|UN|982.71|5401|60|0.00|12.00|0.00|0.00|0.00|0.00|0.00|0.00|0.00|
|C170|3|PROD003|MATERIAL BRUTO C|24.30|UN|6529.03|5401|00|5866.65|12.00|704.00|0.00|0.00|0.00|0.00|0.00|0.00|
|C170|4|PROD005|INSUMO INDUSTRIAL E|34.52|UN|1085.00|5401|10|1035.57|12.00|124.27|0.00|0.00|0.00|0.00|0.00|0.00|
|C170|5|PROD002|COMPONENTE ELETRICO B|26.16|UN|1625.91|5401|60|0.00|12.00|0.00|0.00|0.00|0.00|0.00|0.00|0.00|
|C100|1|0|98765432000188|55|00|000000206|000|26032024|28032024|11956.12|10624.42|1274.93|0.00|0.00|0.00|0.00|0.00|0.00|0.00|0|33366699000100|
|C170|1|PROD003|MATERIAL BRUTO C|45.52|UN|10558.37|6101|20|9419.05|12.00|1130.29|0.00|0.00|0.00|0.00|0.00|0.00|
|C170|2|PROD002|COMPONENTE ELETRICO B|33.99|UN|1397.75|6101|00|1205.37|12.00|144.64|0.00|0.00|0.00|0.00|0.00|0.00|
|C100|1|0|98765432000188|55|00|000000207|000|01032024|02032024|912.54|744.19|89.30|0.00|0.00|0.00|0.00|0.00|0.00|0.00|0|77788899000177|
|C170|1|PROD006|EMBALAGEM PADRAO F|8.51|UN|83.86|6101|20|72.58|12.00|8.71|0.00|0.00|0.00|0.00|0.00|0.00|
|C170|2|PROD006|EMBALAGEM PADRAO F|11.89|UN|114.13|6101|41|0.00|12.00|0.00|0.00|0.00|0.00|0.00|0.00|0.00|
|C170|3|PROD006|EMBALAGEM PADRAO F|3.31|UN|30.22|6101|51|29.08|12.00|3.49|0.00|0.00|0.00|0.00|0.00|0.00|
|C170|4|PROD005|INSUMO INDUSTRIAL E|18.33|UN|684.33|6101|10|642.53|12.00|77.10|0.00|0.00|0.00|0.00|0.00|0.00|
|C100|1|0|98765432000188|55|00|000000208|000|24032024|26032024|11624.63|8174.41|980.93|0.00|0.00|0.00|0.00|0.00|0.00|0.00|0|77788899000177|
|C170|1|PROD005|INSUMO INDUSTRIAL E|15.00|UN|456.48|6102|00|440.45|12.00|52.85|0.00|0.00|0.00|0.00|0.00|0.00|
|C170|2|PROD005|INSUMO INDUSTRIAL E|5.11|UN|120.71|6102|41|0.00|12.00|0.00|0.00|0.00|0.00|0.00|0.00|0.00|
|C170|3|PROD003|MATERIAL BRUTO C|35.67|UN|8833.54|6102|90|7733.96|12.00|928.08|0.00|0.00|0.00|0.00|0.00|0.00|
|C170|4|PROD001|PECA MECANICA TIPO A|37.68|UN|2213.90|6102|30|0.00|12.00|0.00|0.00|0.00|0.00|0.00|0.00|0.00|
|C100|1|0|98765432000188|55|00|000000209|000|23032024|23032024|26855.99|24291.21|2914.95|0.00|0.00|0.00|0.00|0.00|0.00|0.00|0|22244466000133|
|C170|1|PROD007|PARTE SOBRESSALENTE G|9.32|UN|1256.01|6102|40|0.00|12.00|0.00|0.00|0.00|0.00|0.00|0.00|0.00|
|C170|2|PROD004|PRODUTO ACABADO D|27.94|UN|25599.98|6102|00|24291.21|12.00|2914.95|0.00|0.00|0.00|0.00|0.00|0.00|
|C100|1|0|98765432000188|55|00|000000210|000|27032024|29032024|3409.50|0.00|0.00|0.00|0.00|0.00|0.00|0.00|0.00|0.00|0|22244466000133|
|C170|1|PROD002|COMPONENTE ELETRICO B|44.86|UN|3409.50|5403|40|0.00|12.00|0.00|0.00|0.00|0.00|0.00|0.00|0.00|
|C100|1|0|98765432000188|55|00|000000211|000|26032024|29032024|46403.38|45694.73|5483.37|0.00|0.00|0.00|0.00|0.00|0.00|0.00|0|77788899000177|
|C170|1|PROD005|INSUMO INDUSTRIAL E|16.09|UN|619.07|5101|00|569.32|12.00|68.32|0.00|0.00|0.00|0.00|0.00|0.00|
|C170|2|PROD006|EMBALAGEM PADRAO F|15.32|UN|112.76|5101|40|0.00|12.00|0.00|0.00|0.00|0.00|0.00|0.00|0.00|
|C170|3|PROD008|CONJUNTO MONTADO H|44.97|UN|45671.55|5101|20|45125.41|12.00|5415.05|0.00|0.00|0.00|0.00|0.00|0.00|
|C100|1|0|98765432000188|55|00|000000212|000|21032024|23032024|4524.24|2179.20|261.50|0.00|0.00|0.00|0.00|0.00|0.00|0.00|0|55512312300010|
|C170|1|PROD007|PARTE SOBRESSALENTE G|12.98|UN|1825.25|5403|60|0.00|12.00|0.00|0.00|0.00|0.00|0.00|0.00|0.00|
|C170|2|PROD005|INSUMO INDUSTRIAL E|11.86|UN|429.44|5403|60|0.00|12.00|0.00|0.00|0.00|0.00|0.00|0.00|0.00|
|C170|3|PROD001|PECA MECANICA TIPO A|35.58|UN|2269.55|5403|10|2179.20|12.00|261.50|0.00|0.00|0.00|0.00|0.00|0.00|
|C100|1|0|98765432000188|55|00|000000213|000|23032024|26032024|3461.91|2954.69|354.56|0.00|0.00|0.00|0.00|0.00|0.00|0.00|0|22244466000133|
|C170|1|PROD004|PRODUTO ACABADO D|3.86|UN|3461.91|5403|51|2954.69|12.00|354.56|0.00|0.00|0.00|0.00|0.00|0.00|
|C100|1|0|98765432000188|55|00|000000214|000|14032024|17032024|15348.52|11665.70|1399.89|0.00|0.00|0.00|0.00|0.00|0.00|0.00|0|22244466000133|
|C170|1|PROD005|INSUMO INDUSTRIAL E|35.88|UN|951.54|5101|70|0.00|12.00|0.00|0.00|0.00|0.00|0.00|0.00|0.00|
|C170|2|PROD006|EMBALAGEM PADRAO F|21.62|UN|201.30|5101|10|197.06|12.00|23.65|0.00|0.00|0.00|0.00|0.00|0.00|
|C170|3|PROD001|PECA MECANICA TIPO A|37.03|UN|2203.85|5101|41|0.00|12.00|0.00|0.00|0.00|0.00|0.00|0.00|0.00|
|C170|4|PROD008|CONJUNTO MONTADO H|13.48|UN|11991.83|5101|00|11468.64|12.00|1376.24|0.00|0.00|0.00|0.00|0.00|0.00|
|C100|1|0|98765432000188|55|00|000000215|000|06032024|08032024|20580.91|7880.04|945.60|0.00|0.00|0.00|0.00|0.00|0.00|0.00|0|55512312300010|
|C170|1|PROD002|COMPONENTE ELETRICO B|42.35|UN|2011.86|5101|41|0.00|12.00|0.00|0.00|0.00|0.00|0.00|0.00|0.00|
|C170|2|PROD004|PRODUTO ACABADO D|20.00|UN|10068.90|5101|60|0.00|12.00|0.00|0.00|0.00|0.00|0.00|0.00|0.00|
|C170|3|PROD003|MATERIAL BRUTO C|28.06|UN|8500.15|5101|00|7880.04|12.00|945.60|0.00|0.00|0.00|0.00|0.00|0.00|
|C100|1|0|98765432000188|55|00|000000216|000|13032024|14032024|4247.41|3732.32|447.88|0.00|0.00|0.00|0.00|0.00|0.00|0.00|0|55512312300010|
|C170|1|PROD001|PECA MECANICA TIPO A|4.98|UN|282.17|6101|40|0.00|12.00|0.00|0.00|0.00|0.00|0.00|0.00|0.00|
|C170|2|PROD002|COMPONENTE ELETRICO B|40.53|UN|2462.38|6101|51|2445.24|12.00|293.43|0.00|0.00|0.00|0.00|0.00|0.00|
|C170|3|PROD006|EMBALAGEM PADRAO F|27.18|UN|302.51|6101|00|275.89|12.00|33.11|0.00|0.00|0.00|0.00|0.00|0.00|
|C170|4|PROD006|EMBALAGEM PADRAO F|1.13|UN|12.39|6101|70|0.00|12.00|0.00|0.00|0.00|0.00|0.00|0.00|0.00|
|C170|5|PROD002|COMPONENTE ELETRICO B|23.80|UN|1187.96|6101|20|1011.19|12.00|121.34|0.00|0.00|0.00|0.00|0.00|0.00|
|C100|1|0|98765432000188|55|00|000000217|000|02032024|05032024|28727.75|25868.48|3104.22|0.00|0.00|0.00|0.00|0.00|0.00|0.00|0|99900011000155|
|C170|1|PROD006|EMBALAGEM PADRAO F|16.00|UN|167.72|6102|10|159.82|12.00|19.18|0.00|0.00|0.00|0.00|0.00|0.00|
|C170|2|PROD003|MATERIAL BRUTO C|31.12|UN|7008.31|6102|00|6793.85|12.00|815.26|0.00|0.00|0.00|0.00|0.00|0.00|
|C170|3|PROD002|COMPONENTE ELETRICO B|41.86|UN|3264.01|6102|10|3141.35|12.00|376.96|0.00|0.00|0.00|0.00|0.00|0.00|
|C170|4|PROD004|PRODUTO ACABADO D|24.89|UN|18287.71|6102|00|15773.46|12.00|1892.82|0.00|0.00|0.00|0.00|0.00|0.00|
|C100|1|0|98765432000188|55|00|000000218|000|25032024|28032024|40751.38|2826.26|339.15|0.00|0.00|0.00|0.00|0.00|0.00|0.00|0|99900011000155|
|C170|1|PROD002|COMPONENTE ELETRICO B|34.14|UN|1825.57|5401|00|1771.22|12.00|212.55|0.00|0.00|0.00|0.00|0.00|0.00|
|C170|2|PROD002|COMPONENTE ELETRICO B|17.79|UN|775.55|5401|20|735.91|12.00|88.31|0.00|0.00|0.00|0.00|0.00|0.00|
|C170|3|PROD002|COMPONENTE ELETRICO B|4.07|UN|314.78|5401|51|282.70|12.00|33.92|0.00|0.00|0.00|0.00|0.00|0.00|
|C170|4|PROD008|CONJUNTO MONTADO H|37.92|UN|37793.87|5401|41|0.00|12.00|0.00|0.00|0.00|0.00|0.00|0.00|0.00|
|C170|5|PROD006|EMBALAGEM PADRAO F|6.40|UN|41.61|5401|00|36.43|12.00|4.37|0.00|0.00|0.00|0.00|0.00|0.00|
|C100|1|0|98765432000188|55|00|000000219|000|25032024|27032024|25829.03|22847.97|2741.75|0.00|0.00|0.00|0.00|0.00|0.00|0.00|0|55512312300010|
|C170|1|PROD006|EMBALAGEM PADRAO F|10.57|UN|61.81|5401|41|0.00|12.00|0.00|0.00|0.00|0.00|0.00|0.00|0.00|
|C170|2|PROD004|PRODUTO ACABADO D|2.15|UN|1283.74|5401|20|1228.59|12.00|147.43|0.00|0.00|0.00|0.00|0.00|0.00|
|C170|3|PROD005|INSUMO INDUSTRIAL E|16.25|UN|503.66|5401|50|0.00|12.00|0.00|0.00|0.00|0.00|0.00|0.00|0.00|
|C170|4|PROD007|PARTE SOBRESSALENTE G|48.10|UN|5544.85|5401|20|5250.19|12.00|630.02|0.00|0.00|0.00|0.00|0.00|0.00|
|C170|5|PROD008|CONJUNTO MONTADO H|15.49|UN|18434.97|5401|10|16369.19|12.00|1964.30|0.00|0.00|0.00|0.00|0.00|0.00|
|C100|1|0|98765432000188|55|00|000000220|000|04032024|07032024|24612.71|17510.26|2101.23|0.00|0.00|0.00|0.00|0.00|0.00|0.00|0|77788899000177|
|C170|1|PROD008|CONJUNTO MONTADO H|16.97|UN|18336.10|5102|20|16881.33|12.00|2025.76|0.00|0.00|0.00|0.00|0.00|0.00|
|C170|2|PROD006|EMBALAGEM PADRAO F|41.25|UN|466.11|5102|10|411.43|12.00|49.37|0.00|0.00|0.00|0.00|0.00|0.00|
|C170|3|PROD001|PECA MECANICA TIPO A|4.19|UN|229.00|5102|10|217.50|12.00|26.10|0.00|0.00|0.00|0.00|0.00|0.00|
|C170|4|PROD002|COMPONENTE ELETRICO B|19.30|UN|1157.82|5102|40|0.00|12.00|0.00|0.00|0.00|0.00|0.00|0.00|0.00|
|C170|5|PROD003|MATERIAL BRUTO C|16.84|UN|4423.68|5102|40|0.00|12.00|0.00|0.00|0.00|0.00|0.00|0.00|0.00|
|C100|1|0|98765432000188|55|00|000000221|000|23032024|24032024|62544.86|50723.26|6086.79|0.00|0.00|0.00|0.00|0.00|0.00|0.00|0|22244466000133|
|C170|1|PROD007|PARTE SOBRESSALENTE G|16.09|UN|1499.88|6101|40|0.00|12.00|0.00|0.00|0.00|0.00|0.00|0.00|0.00|
|C170|2|PROD003|MATERIAL BRUTO C|32.42|UN|9006.00|6101|40|0.00|12.00|0.00|0.00|0.00|0.00|0.00|0.00|0.00|
|C170|3|PROD008|CONJUNTO MONTADO H|45.18|UN|51868.41|6101|00|50555.32|12.00|6066.64|0.00|0.00|0.00|0.00|0.00|0.00|
|C170|4|PROD001|PECA MECANICA TIPO A|2.25|UN|170.57|6101|20|167.94|12.00|20.15|0.00|0.00|0.00|0.00|0.00|0.00|
|C100|1|0|98765432000188|55|00|000000222|000|24032024|27032024|48175.33|30383.02|3645.96|0.00|0.00|0.00|0.00|0.00|0.00|0.00|0|99900011000155|
|C170|1|PROD003|MATERIAL BRUTO C|43.96|UN|14185.25|5403|40|0.00|12.00|0.00|0.00|0.00|0.00|0.00|0.00|0.00|
|C170|2|PROD007|PARTE SOBRESSALENTE G|43.48|UN|6581.59|5403|00|6560.82|12.00|787.30|0.00|0.00|0.00|0.00|0.00|0.00|
|C170|3|PROD008|CONJUNTO MONTADO H|22.59|UN|26566.25|5403|20|23822.20|12.00|2858.66|0.00|0.00|0.00|0.00|0.00|0.00|
|C170|4|PROD007|PARTE SOBRESSALENTE G|5.65|UN|842.24|5403|60|0.00|12.00|0.00|0.00|0.00|0.00|0.00|0.00|0.00|
|C100|1|0|98765432000188|55|00|000000223|000|09032024|10032024|39368.94|37224.99|4467.00|0.00|0.00|0.00|0.00|0.00|0.00|0.00|0|99900011000155|
|C170|1|PROD008|CONJUNTO MONTADO H|49.33|UN|36426.26|6101|00|34630.08|12.00|4155.61|0.00|0.00|0.00|0.00|0.00|0.00|
|C170|2|PROD006|EMBALAGEM PADRAO F|45.81|UN|240.53|6101|40|0.00|12.00|0.00|0.00|0.00|0.00|0.00|0.00|0.00|
|C170|3|PROD007|PARTE SOBRESSALENTE G|17.43|UN|2447.66|6101|00|2350.73|12.00|282.09|0.00|0.00|0.00|0.00|0.00|0.00|
|C170|4|PROD005|INSUMO INDUSTRIAL E|6.55|UN|254.49|6101|00|244.18|12.00|29.30|0.00|0.00|0.00|0.00|0.00|0.00|
|C100|1|0|98765432000188|55|00|000000224|000|27032024|27032024|173.98|0.00|0.00|0.00|0.00|0.00|0.00|0.00|0.00|0.00|0|77788899000177|
|C170|1|PROD006|EMBALAGEM PADRAO F|22.42|UN|173.98|5102|60|0.00|12.00|0.00|0.00|0.00|0.00|0.00|0.00|0.00|
|C100|1|0|98765432000188|55|00|000000225|000|04032024|06032024|55897.23|50404.04|6048.48|0.00|0.00|0.00|0.00|0.00|0.00|0.00|0|33366699000100|
|C170|1|PROD007|PARTE SOBRESSALENTE G|26.09|UN|2722.54|5403|51|2569.69|12.00|308.36|0.00|0.00|0.00|0.00|0.00|0.00|
|C170|2|PROD004|PRODUTO ACABADO D|36.54|UN|29131.22|5403|51|26794.50|12.00|3215.34|0.00|0.00|0.00|0.00|0.00|0.00|
|C170|3|PROD008|CONJUNTO MONTADO H|29.47|UN|22387.13|5403|00|21039.85|12.00|2524.78|0.00|0.00|0.00|0.00|0.00|0.00|
|C170|4|PROD005|INSUMO INDUSTRIAL E|23.45|UN|960.62|5403|50|0.00|12.00|0.00|0.00|0.00|0.00|0.00|0.00|0.00|
|C170|5|PROD005|INSUMO INDUSTRIAL E|21.42|UN|695.72|5403|40|0.00|12.00|0.00|0.00|0.00|0.00|0.00|0.00|0.00|
|C100|1|0|98765432000188|55|00|000000226|000|19032024|20032024|12391.79|3604.91|432.59|0.00|0.00|0.00|0.00|0.00|0.00|0.00|0|22244466000133|
|C170|1|PROD007|PARTE SOBRESSALENTE G|39.28|UN|6007.88|5102|70|0.00|12.00|0.00|0.00|0.00|0.00|0.00|0.00|0.00|
|C170|2|PROD001|PECA MECANICA TIPO A|38.33|UN|3716.10|5102|90|3377.46|12.00|405.30|0.00|0.00|0.00|0.00|0.00|0.00|
|C170|3|PROD005|INSUMO INDUSTRIAL E|42.98|UN|1273.38|5102|40|0.00|12.00|0.00|0.00|0.00|0.00|0.00|0.00|0.00|
|C170|4|PROD006|EMBALAGEM PADRAO F|30.72|UN|266.61|5102|00|227.45|12.00|27.29|0.00|0.00|0.00|0.00|0.00|0.00|
|C170|5|PROD007|PARTE SOBRESSALENTE G|10.18|UN|1127.82|5102|50|0.00|12.00|0.00|0.00|0.00|0.00|0.00|0.00|0.00|
|C100|1|0|98765432000188|55|00|000000227|000|21032024|22032024|45390.57|41211.57|4945.39|0.00|0.00|0.00|0.00|0.00|0.00|0.00|0|55512312300010|
|C170|1|PROD008|CONJUNTO MONTADO H|37.99|UN|27639.24|5101|20|25180.75|12.00|3021.69|0.00|0.00|0.00|0.00|0.00|0.00|
|C170|2|PROD003|MATERIAL BRUTO C|42.35|UN|14813.11|5101|00|13340.63|12.00|1600.88|0.00|0.00|0.00|0.00|0.00|0.00|
|C170|3|PROD001|PECA MECANICA TIPO A|42.12|UN|2938.22|5101|10|2690.19|12.00|322.82|0.00|0.00|0.00|0.00|0.00|0.00|
|C100|1|0|98765432000188|55|00|000000228|000|23032024|26032024|34337.45|0.00|0.00|0.00|0.00|0.00|0.00|0.00|0.00|0.00|0|77788899000177|
|C170|1|PROD008|CONJUNTO MONTADO H|27.46|UN|34337.45|6102|70|0.00|12.00|0.00|0.00|0.00|0.00|0.00|0.00|0.00|
|C100|1|0|98765432000188|55|00|000000229|000|06032024|09032024|43802.62|39663.24|4759.59|0.00|0.00|0.00|0.00|0.00|0.00|0.00|0|99900011000155|
|C170|1|PROD007|PARTE SOBRESSALENTE G|27.59|UN|3087.05|5101|00|2971.77|12.00|356.61|0.00|0.00|0.00|0.00|0.00|0.00|
|C170|2|PROD002|COMPONENTE ELETRICO B|22.98|UN|1310.09|5101|00|1300.23|12.00|156.03|0.00|0.00|0.00|0.00|0.00|0.00|
|C170|3|PROD008|CONJUNTO MONTADO H|47.06|UN|39405.48|5101|10|35391.24|12.00|4246.95|0.00|0.00|0.00|0.00|0.00|0.00|
|C100|1|0|98765432000188|55|00|000000230|000|09032024|10032024|68682.73|25810.30|3097.24|0.00|0.00|0.00|0.00|0.00|0.00|0.00|0|55512312300010|
|C170|1|PROD006|EMBALAGEM PADRAO F|31.72|UN|310.54|5101|10|302.30|12.00|36.28|0.00|0.00|0.00|0.00|0.00|0.00|
|C170|2|PROD008|CONJUNTO MONTADO H|32.40|UN|42357.46|5101|40|0.00|12.00|0.00|0.00|0.00|0.00|0.00|0.00|0.00|
|C170|3|PROD008|CONJUNTO MONTADO H|18.77|UN|26014.73|5101|00|25508.00|12.00|3060.96|0.00|0.00|0.00|0.00|0.00|0.00|
|C100|1|0|98765432000188|55|00|000000231|000|02032024|04032024|9944.70|8608.13|1032.98|0.00|0.00|0.00|0.00|0.00|0.00|0.00|0|55512312300010|
|C170|1|PROD003|MATERIAL BRUTO C|48.65|UN|9944.70|6101|00|8608.13|12.00|1032.98|0.00|0.00|0.00|0.00|0.00|0.00|
|C100|1|0|98765432000188|55|00|000000232|000|02032024|03032024|6476.15|426.33|51.16|0.00|0.00|0.00|0.00|0.00|0.00|0.00|0|22244466000133|
|C170|1|PROD002|COMPONENTE ELETRICO B|13.16|UN|451.13|5403|00|426.33|12.00|51.16|0.00|0.00|0.00|0.00|0.00|0.00|
|C170|2|PROD002|COMPONENTE ELETRICO B|16.25|UN|749.03|5403|40|0.00|12.00|0.00|0.00|0.00|0.00|0.00|0.00|0.00|
|C170|3|PROD004|PRODUTO ACABADO D|7.07|UN|5275.99|5403|60|0.00|12.00|0.00|0.00|0.00|0.00|0.00|0.00|0.00|
|C100|1|0|98765432000188|55|00|000000233|000|06032024|06032024|27091.11|2950.26|354.03|0.00|0.00|0.00|0.00|0.00|0.00|0.00|0|22244466000133|
|C170|1|PROD005|INSUMO INDUSTRIAL E|15.42|UN|290.09|5403|70|0.00|12.00|0.00|0.00|0.00|0.00|0.00|0.00|0.00|
|C170|2|PROD008|CONJUNTO MONTADO H|30.88|UN|23742.26|5403|50|0.00|12.00|0.00|0.00|0.00|0.00|0.00|0.00|0.00|
|C170|3|PROD007|PARTE SOBRESSALENTE G|25.26|UN|3022.13|5403|00|2916.49|12.00|349.98|0.00|0.00|0.00|0.00|0.00|0.00|
|C170|4|PROD006|EMBALAGEM PADRAO F|4.96|UN|36.63|5403|00|33.77|12.00|4.05|0.00|0.00|0.00|0.00|0.00|0.00|
|C100|1|0|98765432000188|55|00|000000234|000|01032024|04032024|29837.78|25642.37|3077.09|0.00|0.00|0.00|0.00|0.00|0.00|0.00|0|33366699000100|
|C170|1|PROD004|PRODUTO ACABADO D|36.60|UN|23122.58|6102|10|19932.69|12.00|2391.92|0.00|0.00|0.00|0.00|0.00|0.00|
|C170|2|PROD001|PECA MECANICA TIPO A|45.12|UN|4463.78|6102|90|4007.80|12.00|480.94|0.00|0.00|0.00|0.00|0.00|0.00|
|C170|3|PROD002|COMPONENTE ELETRICO B|30.91|UN|1593.82|6102|20|1420.82|12.00|170.50|0.00|0.00|0.00|0.00|0.00|0.00|
|C170|4|PROD006|EMBALAGEM PADRAO F|24.73|UN|294.76|6102|10|281.06|12.00|33.73|0.00|0.00|0.00|0.00|0.00|0.00|
|C170|5|PROD006|EMBALAGEM PADRAO F|45.19|UN|362.84|6102|30|0.00|12.00|0.00|0.00|0.00|0.00|0.00|0.00|0.00|
|C100|1|0|98765432000188|55|00|000000235|000|27032024|28032024|26138.84|16825.27|2019.04|0.00|0.00|0.00|0.00|0.00|0.00|0.00|0|77788899000177|
|C170|1|PROD003|MATERIAL BRUTO C|7.03|UN|1474.62|5403|40|0.00|12.00|0.00|0.00|0.00|0.00|0.00|0.00|0.00|
|C170|2|PROD007|PARTE SOBRESSALENTE G|48.40|UN|7180.10|5403|40|0.00|12.00|0.00|0.00|0.00|0.00|0.00|0.00|0.00|
|C170|3|PROD004|PRODUTO ACABADO D|30.65|UN|16594.43|5403|10|15954.41|12.00|1914.53|0.00|0.00|0.00|0.00|0.00|0.00|
|C170|4|PROD006|EMBALAGEM PADRAO F|1.05|UN|11.60|5403|90|10.97|12.00|1.32|0.00|0.00|0.00|0.00|0.00|0.00|
|C170|5|PROD008|CONJUNTO MONTADO H|1.07|UN|878.09|5403|20|859.89|12.00|103.19|0.00|0.00|0.00|0.00|0.00|0.00|
|C100|1|0|98765432000188|55|00|000000236|000|24032024|26032024|5293.99|4289.79|514.77|0.00|0.00|0.00|0.00|0.00|0.00|0.00|0|77788899000177|
|C170|1|PROD002|COMPONENTE ELETRICO B|47.50|UN|1425.03|5401|90|1258.18|12.00|150.98|0.00|0.00|0.00|0.00|0.00|0.00|
|C170|2|PROD005|INSUMO INDUSTRIAL E|27.71|UN|790.29|5401|41|0.00|12.00|0.00|0.00|0.00|0.00|0.00|0.00|0.00|
|C170|3|PROD007|PARTE SOBRESSALENTE G|21.58|UN|3078.67|5401|00|3031.61|12.00|363.79|0.00|0.00|0.00|0.00|0.00|0.00|
|C100|1|0|98765432000188|55|00|000000237|000|27032024|29032024|10211.39|5718.22|686.19|0.00|0.00|0.00|0.00|0.00|0.00|0.00|0|33366699000100|
|C170|1|PROD001|PECA MECANICA TIPO A|41.77|UN|3846.13|6102|30|0.00|12.00|0.00|0.00|0.00|0.00|0.00|0.00|0.00|
|C170|2|PROD007|PARTE SOBRESSALENTE G|35.15|UN|4505.66|6102|00|3950.39|12.00|474.05|0.00|0.00|0.00|0.00|0.00|0.00|
|C170|3|PROD005|INSUMO INDUSTRIAL E|11.27|UN|345.87|6102|00|322.67|12.00|38.72|0.00|0.00|0.00|0.00|0.00|0.00|
|C170|4|PROD005|INSUMO INDUSTRIAL E|46.64|UN|1330.70|6102|00|1267.83|12.00|152.14|0.00|0.00|0.00|0.00|0.00|0.00|
|C170|5|PROD006|EMBALAGEM PADRAO F|24.05|UN|183.03|6102|90|177.33|12.00|21.28|0.00|0.00|0.00|0.00|0.00|0.00|
|C100|1|0|98765432000188|55|00|000000238|000|12032024|14032024|20613.97|8866.59|1063.99|0.00|0.00|0.00|0.00|0.00|0.00|0.00|0|99900011000155|
|C170|1|PROD006|EMBALAGEM PADRAO F|29.42|UN|200.64|5401|70|0.00|12.00|0.00|0.00|0.00|0.00|0.00|0.00|0.00|
|C170|2|PROD008|CONJUNTO MONTADO H|15.11|UN|10765.29|5401|30|0.00|12.00|0.00|0.00|0.00|0.00|0.00|0.00|0.00|
|C170|3|PROD008|CONJUNTO MONTADO H|11.90|UN|9581.94|5401|10|8806.51|12.00|1056.78|0.00|0.00|0.00|0.00|0.00|0.00|
|C170|4|PROD002|COMPONENTE ELETRICO B|1.93|UN|66.10|5401|00|60.08|12.00|7.21|0.00|0.00|0.00|0.00|0.00|0.00|
|C100|1|0|98765432000188|55|00|000000239|000|23032024|25032024|989.23|936.83|112.42|0.00|0.00|0.00|0.00|0.00|0.00|0.00|0|77788899000177|
|C170|1|PROD005|INSUMO INDUSTRIAL E|42.08|UN|989.23|6102|90|936.83|12.00|112.42|0.00|0.00|0.00|0.00|0.00|0.00|
|C100|1|0|98765432000188|55|00|000000240|000|08032024|08032024|61965.11|60941.85|7313.02|0.00|0.00|0.00|0.00|0.00|0.00|0.00|0|22244466000133|
|C170|1|PROD002|COMPONENTE ELETRICO B|25.07|UN|1343.21|5401|00|1253.64|12.00|150.44|0.00|0.00|0.00|0.00|0.00|0.00|
|C170|2|PROD008|CONJUNTO MONTADO H|40.47|UN|55714.32|5401|00|55395.07|12.00|6647.41|0.00|0.00|0.00|0.00|0.00|0.00|
|C170|3|PROD004|PRODUTO ACABADO D|3.98|UN|2267.15|5401|10|2189.79|12.00|262.77|0.00|0.00|0.00|0.00|0.00|0.00|
|C170|4|PROD002|COMPONENTE ELETRICO B|36.09|UN|2426.06|5401|20|2103.35|12.00|252.40|0.00|0.00|0.00|0.00|0.00|0.00|
|C170|5|PROD006|EMBALAGEM PADRAO F|23.53|UN|214.37|5401|40|0.00|12.00|0.00|0.00|0.00|0.00|0.00|0.00|0.00|
|C100|1|0|98765432000188|55|00|000000241|000|20032024|23032024|4099.85|3376.23|405.15|0.00|0.00|0.00|0.00|0.00|0.00|0.00|0|22244466000133|
|C170|1|PROD006|EMBALAGEM PADRAO F|39.66|UN|260.55|6101|41|0.00|12.00|0.00|0.00|0.00|0.00|0.00|0.00|0.00|
|C170|2|PROD007|PARTE SOBRESSALENTE G|38.52|UN|3839.30|6101|00|3376.23|12.00|405.15|0.00|0.00|0.00|0.00|0.00|0.00|
|C100|1|0|98765432000188|55|00|000000242|000|27032024|30032024|18560.46|14292.14|1715.06|0.00|0.00|0.00|0.00|0.00|0.00|0.00|0|22244466000133|
|C170|1|PROD002|COMPONENTE ELETRICO B|17.93|UN|658.89|6101|20|615.14|12.00|73.82|0.00|0.00|0.00|0.00|0.00|0.00|
|C170|2|PROD006|EMBALAGEM PADRAO F|36.28|UN|426.97|6101|00|426.83|12.00|51.22|0.00|0.00|0.00|0.00|0.00|0.00|
|C170|3|PROD004|PRODUTO ACABADO D|18.08|UN|15486.92|6101|00|13250.17|12.00|1590.02|0.00|0.00|0.00|0.00|0.00|0.00|
|C170|4|PROD005|INSUMO INDUSTRIAL E|40.60|UN|1305.04|6101|50|0.00|12.00|0.00|0.00|0.00|0.00|0.00|0.00|0.00|
|C170|5|PROD005|INSUMO INDUSTRIAL E|31.96|UN|682.64|6101|30|0.00|12.00|0.00|0.00|0.00|0.00|0.00|0.00|0.00|
|C100|1|0|98765432000188|55|00|000000243|000|08032024|10032024|670.19|0.00|0.00|0.00|0.00|0.00|0.00|0.00|0.00|0.00|0|22244466000133|
|C170|1|PROD005|INSUMO INDUSTRIAL E|26.62|UN|670.19|5102|30|0.00|12.00|0.00|0.00|0.00|0.00|0.00|0.00|0.00|
|C100|1|0|98765432000188|55|00|000000244|000|13032024|13032024|39918.82|23597.04|2831.64|0.00|0.00|0.00|0.00|0.00|0.00|0.00|0|99900011000155|
|C170|1|PROD008|CONJUNTO MONTADO H|9.65|UN|12891.93|6102|41|0.00|12.00|0.00|0.00|0.00|0.00|0.00|0.00|0.00|
|C170|2|PROD008|CONJUNTO MONTADO H|36.51|UN|27026.89|6102|10|23597.04|12.00|2831.64|0.00|0.00|0.00|0.00|0.00|0.00|
|C100|1|0|98765432000188|55|00|000000245|000|14032024|17032024|52386.71|38687.46|4642.49|0.00|0.00|0.00|0.00|0.00|0.00|0.00|0|77788899000177|
|C170|1|PROD001|PECA MECANICA TIPO A|40.52|UN|3552.79|5102|20|3256.03|12.00|390.72|0.00|0.00|0.00|0.00|0.00|0.00|
|C170|2|PROD001|PECA MECANICA TIPO A|35.89|UN|3556.14|5102|20|3306.91|12.00|396.83|0.00|0.00|0.00|0.00|0.00|0.00|
|C170|3|PROD004|PRODUTO ACABADO D|4.31|UN|3416.89|5102|10|3199.69|12.00|383.96|0.00|0.00|0.00|0.00|0.00|0.00|
|C170|4|PROD004|PRODUTO ACABADO D|13.97|UN|9872.63|5102|70|0.00|12.00|0.00|0.00|0.00|0.00|0.00|0.00|0.00|
|C170|5|PROD008|CONJUNTO MONTADO H|29.13|UN|31988.26|5102|00|28924.83|12.00|3470.98|0.00|0.00|0.00|0.00|0.00|0.00|
|C100|1|0|98765432000188|55|00|000000246|000|09032024|09032024|30375.16|8096.09|971.54|0.00|0.00|0.00|0.00|0.00|0.00|0.00|0|22244466000133|
|C170|1|PROD002|COMPONENTE ELETRICO B|12.53|UN|480.43|6102|90|458.30|12.00|55.00|0.00|0.00|0.00|0.00|0.00|0.00|
|C170|2|PROD003|MATERIAL BRUTO C|25.41|UN|6565.93|6102|00|6109.48|12.00|733.14|0.00|0.00|0.00|0.00|0.00|0.00|
|C170|3|PROD004|PRODUTO ACABADO D|39.22|UN|21697.82|6102|30|0.00|12.00|0.00|0.00|0.00|0.00|0.00|0.00|0.00|
|C170|4|PROD001|PECA MECANICA TIPO A|21.03|UN|1630.98|6102|00|1528.31|12.00|183.40|0.00|0.00|0.00|0.00|0.00|0.00|
|C100|1|0|98765432000188|55|00|000000247|000|13032024|14032024|31240.72|26384.15|3166.09|0.00|0.00|0.00|0.00|0.00|0.00|0.00|0|55512312300010|
|C170|1|PROD002|COMPONENTE ELETRICO B|18.06|UN|1302.41|5401|50|0.00|12.00|0.00|0.00|0.00|0.00|0.00|0.00|0.00|
|C170|2|PROD004|PRODUTO ACABADO D|33.37|UN|25064.79|5401|00|23053.62|12.00|2766.43|0.00|0.00|0.00|0.00|0.00|0.00|
|C170|3|PROD007|PARTE SOBRESSALENTE G|28.09|UN|3767.60|5401|00|3330.53|12.00|399.66|0.00|0.00|0.00|0.00|0.00|0.00|
|C170|4|PROD005|INSUMO INDUSTRIAL E|32.77|UN|1105.92|5401|30|0.00|12.00|0.00|0.00|0.00|0.00|0.00|0.00|0.00|
|C100|1|0|98765432000188|55|00|000000248|000|01032024|04032024|48306.44|17124.77|2054.97|0.00|0.00|0.00|0.00|0.00|0.00|0.00|0|55512312300010|
|C170|1|PROD002|COMPONENTE ELETRICO B|34.81|UN|2824.81|5403|00|2514.34|12.00|301.72|0.00|0.00|0.00|0.00|0.00|0.00|
|C170|2|PROD006|EMBALAGEM PADRAO F|2.41|UN|20.50|5403|20|18.11|12.00|2.17|0.00|0.00|0.00|0.00|0.00|0.00|
|C170|3|PROD003|MATERIAL BRUTO C|36.32|UN|9921.81|5403|00|9678.25|12.00|1161.39|0.00|0.00|0.00|0.00|0.00|0.00|
|C170|4|PROD007|PARTE SOBRESSALENTE G|47.61|UN|5034.23|5403|90|4914.07|12.00|589.69|0.00|0.00|0.00|0.00|0.00|0.00|
|C170|5|PROD008|CONJUNTO MONTADO H|31.31|UN|30505.09|5403|40|0.00|12.00|0.00|0.00|0.00|0.00|0.00|0.00|0.00|
|C100|1|0|98765432000188|55|00|000000249|000|16032024|19032024|3535.01|3437.66|412.52|0.00|0.00|0.00|0.00|0.00|0.00|0.00|0|22244466000133|
|C170|1|PROD002|COMPONENTE ELETRICO B|22.04|UN|1715.65|5403|10|1632.00|12.00|195.84|0.00|0.00|0.00|0.00|0.00|0.00|
|C170|2|PROD002|COMPONENTE ELETRICO B|38.05|UN|1819.36|5403|00|1805.66|12.00|216.68|0.00|0.00|0.00|0.00|0.00|0.00|
|C100|1|0|98765432000188|55|00|000000250|000|05032024|08032024|17621.26|0.00|0.00|0.00|0.00|0.00|0.00|0.00|0.00|0.00|0|55512312300010|
|C170|1|PROD004|PRODUTO ACABADO D|3.93|UN|3566.05|5101|50|0.00|12.00|0.00|0.00|0.00|0.00|0.00|0.00|0.00|
|C170|2|PROD003|MATERIAL BRUTO C|40.44|UN|14055.21|5101|40|0.00|12.00|0.00|0.00|0.00|0.00|0.00|0.00|0.00|
|C100|1|0|98765432000188|55|00|000000251|000|23032024|24032024|5995.05|5435.12|652.21|0.00|0.00|0.00|0.00|0.00|0.00|0.00|0|22244466000133|
|C170|1|PROD008|CONJUNTO MONTADO H|6.30|UN|5995.05|6101|51|5435.12|12.00|652.21|0.00|0.00|0.00|0.00|0.00|0.00|
|C100|1|0|98765432000188|55|00|000000252|000|22032024|22032024|67372.40|58833.56|7060.03|0.00|0.00|0.00|0.00|0.00|0.00|0.00|0|99900011000155|
|C170|1|PROD005|INSUMO INDUSTRIAL E|2.84|UN|68.77|5101|00|58.72|12.00|7.05|0.00|0.00|0.00|0.00|0.00|0.00|
|C170|2|PROD007|PARTE SOBRESSALENTE G|30.98|UN|4387.53|5101|40|0.00|12.00|0.00|0.00|0.00|0.00|0.00|0.00|0.00|
|C170|3|PROD002|COMPONENTE ELETRICO B|4.96|UN|243.88|5101|30|0.00|12.00|0.00|0.00|0.00|0.00|0.00|0.00|0.00|
|C170|4|PROD008|CONJUNTO MONTADO H|46.44|UN|62672.22|5101|00|58774.84|12.00|7052.98|0.00|0.00|0.00|0.00|0.00|0.00|
|C100|1|0|98765432000188|55|00|000000253|000|28032024|29032024|50964.55|2485.93|298.31|0.00|0.00|0.00|0.00|0.00|0.00|0.00|0|77788899000177|
|C170|1|PROD003|MATERIAL BRUTO C|11.39|UN|2496.20|5401|10|2485.93|12.00|298.31|0.00|0.00|0.00|0.00|0.00|0.00|
|C170|2|PROD008|CONJUNTO MONTADO H|49.30|UN|45173.94|5401|41|0.00|12.00|0.00|0.00|0.00|0.00|0.00|0.00|0.00|
|C170|3|PROD003|MATERIAL BRUTO C|10.29|UN|3294.41|5401|40|0.00|12.00|0.00|0.00|0.00|0.00|0.00|0.00|0.00|
|C100|1|0|98765432000188|55|00|000000254|000|21032024|21032024|44409.80|128.62|15.43|0.00|0.00|0.00|0.00|0.00|0.00|0.00|0|33366699000100|
|C170|1|PROD005|INSUMO INDUSTRIAL E|4.88|UN|130.34|5403|10|128.62|12.00|15.43|0.00|0.00|0.00|0.00|0.00|0.00|
|C170|2|PROD002|COMPONENTE ELETRICO B|24.60|UN|1210.57|5403|40|0.00|12.00|0.00|0.00|0.00|0.00|0.00|0.00|0.00|
|C170|3|PROD008|CONJUNTO MONTADO H|38.43|UN|42980.88|5403|40|0.00|12.00|0.00|0.00|0.00|0.00|0.00|0.00|0.00|
|C170|4|PROD002|COMPONENTE ELETRICO B|1.64|UN|88.01|5403|50|0.00|12.00|0.00|0.00|0.00|0.00|0.00|0.00|0.00|
|C100|1|0|98765432000188|55|00|000000255|000|29032024|29032024|3138.62|3047.72|365.73|0.00|0.00|0.00|0.00|0.00|0.00|0.00|0|22244466000133|
|C170|1|PROD007|PARTE SOBRESSALENTE G|26.43|UN|3138.62|6102|00|3047.72|12.00|365.73|0.00|0.00|0.00|0.00|0.00|0.00|
|C100|1|0|98765432000188|55|00|000000256|000|03032024|06032024|270.01|0.00|0.00|0.00|0.00|0.00|0.00|0.00|0.00|0.00|0|55512312300010|
|C170|1|PROD006|EMBALAGEM PADRAO F|29.32|UN|270.01|5102|50|0.00|12.00|0.00|0.00|0.00|0.00|0.00|0.00|0.00|
|C100|1|0|98765432000188|55|00|000000257|000|03032024|05032024|44795.52|0.00|0.00|0.00|0.00|0.00|0.00|0.00|0.00|0.00|0|77788899000177|
|C170|1|PROD005|INSUMO INDUSTRIAL E|40.46|UN|1243.80|5401|41|0.00|12.00|0.00|0.00|0.00|0.00|0.00|0.00|0.00|
|C170|2|PROD008|CONJUNTO MONTADO H|44.55|UN|43551.72|5401|30|0.00|12.00|0.00|0.00|0.00|0.00|0.00|0.00|0.00|
|C100|1|0|98765432000188|55|00|000000258|000|01032024|02032024|3036.24|2829.59|339.55|0.00|0.00|0.00|0.00|0.00|0.00|0.00|0|77788899000177|
|C170|1|PROD001|PECA MECANICA TIPO A|3.32|UN|255.00|6101|00|252.54|12.00|30.30|0.00|0.00|0.00|0.00|0.00|0.00|
|C170|2|PROD002|COMPONENTE ELETRICO B|37.46|UN|2299.92|6101|00|2095.82|12.00|251.50|0.00|0.00|0.00|0.00|0.00|0.00|
|C170|3|PROD005|INSUMO INDUSTRIAL E|13.87|UN|481.32|6101|10|481.23|12.00|57.75|0.00|0.00|0.00|0.00|0.00|0.00|
|C100|1|0|98765432000188|55|00|000000259|000|14032024|16032024|63250.56|4818.26|578.18|0.00|0.00|0.00|0.00|0.00|0.00|0.00|0|99900011000155|
|C170|1|PROD008|CONJUNTO MONTADO H|43.82|UN|47349.91|5401|70|0.00|12.00|0.00|0.00|0.00|0.00|0.00|0.00|0.00|
|C170|2|PROD001|PECA MECANICA TIPO A|21.97|UN|2620.54|5401|20|2472.04|12.00|296.64|0.00|0.00|0.00|0.00|0.00|0.00|
|C170|3|PROD008|CONJUNTO MONTADO H|10.15|UN|10655.61|5401|50|0.00|12.00|0.00|0.00|0.00|0.00|0.00|0.00|0.00|
|C170|4|PROD003|MATERIAL BRUTO C|3.52|UN|1207.46|5401|00|1109.18|12.00|133.10|0.00|0.00|0.00|0.00|0.00|0.00|
|C170|5|PROD001|PECA MECANICA TIPO A|26.95|UN|1417.04|5401|10|1237.04|12.00|148.44|0.00|0.00|0.00|0.00|0.00|0.00|
|C100|1|0|98765432000188|55|00|000000260|000|28032024|28032024|71345.07|58138.19|6976.58|0.00|0.00|0.00|0.00|0.00|0.00|0.00|0|55512312300010|
|C170|1|PROD008|CONJUNTO MONTADO H|20.18|UN|15649.51|5401|00|13530.70|12.00|1623.68|0.00|0.00|0.00|0.00|0.00|0.00|
|C170|2|PROD005|INSUMO INDUSTRIAL E|42.16|UN|1665.86|5401|40|0.00|12.00|0.00|0.00|0.00|0.00|0.00|0.00|0.00|
|C170|3|PROD008|CONJUNTO MONTADO H|36.56|UN|49061.82|5401|00|44607.49|12.00|5352.90|0.00|0.00|0.00|0.00|0.00|0.00|
|C170|4|PROD003|MATERIAL BRUTO C|19.37|UN|4967.88|5401|50|0.00|12.00|0.00|0.00|0.00|0.00|0.00|0.00|0.00|
|C100|1|0|98765432000188|55|00|000000261|000|01032024|03032024|5625.47|0.00|0.00|0.00|0.00|0.00|0.00|0.00|0.00|0.00|0|33366699000100|
|C170|1|PROD007|PARTE SOBRESSALENTE G|42.78|UN|5625.47|6101|40|0.00|12.00|0.00|0.00|0.00|0.00|0.00|0.00|0.00|
|C100|1|0|98765432000188|55|00|000000262|000|11032024|14032024|57352.80|8244.31|989.32|0.00|0.00|0.00|0.00|0.00|0.00|0.00|0|22244466000133|
|C170|1|PROD002|COMPONENTE ELETRICO B|46.41|UN|2179.46|6101|00|2003.47|12.00|240.42|0.00|0.00|0.00|0.00|0.00|0.00|
|C170|2|PROD007|PARTE SOBRESSALENTE G|43.94|UN|6479.98|6101|00|5693.34|12.00|683.20|0.00|0.00|0.00|0.00|0.00|0.00|
|C170|3|PROD005|INSUMO INDUSTRIAL E|43.61|UN|751.40|6101|41|0.00|12.00|0.00|0.00|0.00|0.00|0.00|0.00|0.00|
|C170|4|PROD008|CONJUNTO MONTADO H|39.03|UN|47313.17|6101|70|0.00|12.00|0.00|0.00|0.00|0.00|0.00|0.00|0.00|
|C170|5|PROD005|INSUMO INDUSTRIAL E|40.59|UN|628.79|6101|00|547.50|12.00|65.70|0.00|0.00|0.00|0.00|0.00|0.00|
|C100|1|0|98765432000188|55|00|000000263|000|30032024|01042024|35442.30|33593.89|4031.27|0.00|0.00|0.00|0.00|0.00|0.00|0.00|0|22244466000133|
|C170|1|PROD008|CONJUNTO MONTADO H|38.70|UN|35442.30|5403|00|33593.89|12.00|4031.27|0.00|0.00|0.00|0.00|0.00|0.00|
|C100|1|0|98765432000188|55|00|000000264|000|03032024|03032024|38481.78|35230.36|4227.65|0.00|0.00|0.00|0.00|0.00|0.00|0.00|0|77788899000177|
|C170|1|PROD001|PECA MECANICA TIPO A|23.05|UN|2753.21|5101|70|0.00|12.00|0.00|0.00|0.00|0.00|0.00|0.00|0.00|
|C170|2|PROD004|PRODUTO ACABADO D|6.34|UN|3839.52|5101|51|3407.19|12.00|408.86|0.00|0.00|0.00|0.00|0.00|0.00|
|C170|3|PROD004|PRODUTO ACABADO D|30.99|UN|30116.79|5101|00|30101.89|12.00|3612.23|0.00|0.00|0.00|0.00|0.00|0.00|
|C170|4|PROD006|EMBALAGEM PADRAO F|19.13|UN|117.46|5101|20|116.07|12.00|13.93|0.00|0.00|0.00|0.00|0.00|0.00|
|C170|5|PROD002|COMPONENTE ELETRICO B|39.97|UN|1654.80|5101|10|1605.21|12.00|192.63|0.00|0.00|0.00|0.00|0.00|0.00|
|C100|1|0|98765432000188|55|00|000000265|000|17032024|20032024|19225.72|0.00|0.00|0.00|0.00|0.00|0.00|0.00|0.00|0.00|0|77788899000177|
|C170|1|PROD007|PARTE SOBRESSALENTE G|20.77|UN|3154.71|5401|40|0.00|12.00|0.00|0.00|0.00|0.00|0.00|0.00|0.00|
|C170|2|PROD004|PRODUTO ACABADO D|21.28|UN|16071.01|5401|40|0.00|12.00|0.00|0.00|0.00|0.00|0.00|0.00|0.00|
|C100|1|0|98765432000188|55|00|000000266|000|30032024|30032024|410.54|403.18|48.38|0.00|0.00|0.00|0.00|0.00|0.00|0.00|0|33366699000100|
|C170|1|PROD006|EMBALAGEM PADRAO F|45.46|UN|410.54|5101|10|403.18|12.00|48.38|0.00|0.00|0.00|0.00|0.00|0.00|
|C100|1|0|98765432000188|55|00|000000267|000|18032024|18032024|12970.94|6101.38|732.17|0.00|0.00|0.00|0.00|0.00|0.00|0.00|0|77788899000177|
|C170|1|PROD007|PARTE SOBRESSALENTE G|16.39|UN|1600.32|5401|30|0.00|12.00|0.00|0.00|0.00|0.00|0.00|0.00|0.00|
|C170|2|PROD007|PARTE SOBRESSALENTE G|34.73|UN|5013.74|5401|10|4668.13|12.00|560.18|0.00|0.00|0.00|0.00|0.00|0.00|
|C170|3|PROD001|PECA MECANICA TIPO A|28.43|UN|1519.64|5401|20|1433.25|12.00|171.99|0.00|0.00|0.00|0.00|0.00|0.00|
|C170|4|PROD001|PECA MECANICA TIPO A|45.63|UN|4837.24|5401|40|0.00|12.00|0.00|0.00|0.00|0.00|0.00|0.00|0.00|
|C100|1|0|98765432000188|55|00|000000268|000|26032024|28032024|40011.12|37577.54|4509.31|0.00|0.00|0.00|0.00|0.00|0.00|0.00|0|55512312300010|
|C170|1|PROD007|PARTE SOBRESSALENTE G|42.16|UN|6594.71|6101|00|6007.46|12.00|720.90|0.00|0.00|0.00|0.00|0.00|0.00|
|C170|2|PROD001|PECA MECANICA TIPO A|44.54|UN|4278.26|6101|10|3707.45|12.00|444.89|0.00|0.00|0.00|0.00|0.00|0.00|
|C170|3|PROD006|EMBALAGEM PADRAO F|5.57|UN|28.00|6101|50|0.00|12.00|0.00|0.00|0.00|0.00|0.00|0.00|0.00|
|C170|4|PROD007|PARTE SOBRESSALENTE G|46.02|UN|5209.12|6101|00|4736.81|12.00|568.42|0.00|0.00|0.00|0.00|0.00|0.00|
|C170|5|PROD008|CONJUNTO MONTADO H|21.98|UN|23901.03|6101|00|23125.82|12.00|2775.10|0.00|0.00|0.00|0.00|0.00|0.00|
|C100|1|0|98765432000188|55|00|000000269|000|08032024|11032024|75433.01|58255.32|6990.63|0.00|0.00|0.00|0.00|0.00|0.00|0.00|0|33366699000100|
|C170|1|PROD008|CONJUNTO MONTADO H|44.58|UN|50503.62|5102|00|47948.44|12.00|5753.81|0.00|0.00|0.00|0.00|0.00|0.00|
|C170|2|PROD004|PRODUTO ACABADO D|14.50|UN|13673.28|5102|41|0.00|12.00|0.00|0.00|0.00|0.00|0.00|0.00|0.00|
|C170|3|PROD004|PRODUTO ACABADO D|12.42|UN|10989.17|5102|00|10046.10|12.00|1205.53|0.00|0.00|0.00|0.00|0.00|0.00|
|C170|4|PROD005|INSUMO INDUSTRIAL E|10.04|UN|266.94|5102|00|260.78|12.00|31.29|0.00|0.00|0.00|0.00|0.00|0.00|
|C100|1|0|98765432000188|55|00|000000270|000|21032024|21032024|6278.31|3805.35|456.65|0.00|0.00|0.00|0.00|0.00|0.00|0.00|0|99900011000155|
|C170|1|PROD001|PECA MECANICA TIPO A|20.79|UN|2076.19|6101|30|0.00|12.00|0.00|0.00|0.00|0.00|0.00|0.00|0.00|
|C170|2|PROD004|PRODUTO ACABADO D|3.93|UN|2670.59|6101|00|2304.73|12.00|276.57|0.00|0.00|0.00|0.00|0.00|0.00|
|C170|3|PROD002|COMPONENTE ELETRICO B|18.68|UN|1207.53|6101|00|1203.63|12.00|144.44|0.00|0.00|0.00|0.00|0.00|0.00|
|C170|4|PROD005|INSUMO INDUSTRIAL E|17.93|UN|324.00|6101|00|296.99|12.00|35.64|0.00|0.00|0.00|0.00|0.00|0.00|
|C100|1|0|98765432000188|55|00|000000271|000|06032024|09032024|45725.97|40543.47|4865.21|0.00|0.00|0.00|0.00|0.00|0.00|0.00|0|55512312300010|
|C170|1|PROD004|PRODUTO ACABADO D|41.69|UN|36630.17|6101|20|35246.35|12.00|4229.56|0.00|0.00|0.00|0.00|0.00|0.00|
|C170|2|PROD003|MATERIAL BRUTO C|12.11|UN|3548.15|6101|50|0.00|12.00|0.00|0.00|0.00|0.00|0.00|0.00|0.00|
|C170|3|PROD004|PRODUTO ACABADO D|6.40|UN|5547.65|6101|00|5297.12|12.00|635.65|0.00|0.00|0.00|0.00|0.00|0.00|
|C100|1|0|98765432000188|55|00|000000272|000|18032024|19032024|23487.59|21589.00|2590.68|0.00|0.00|0.00|0.00|0.00|0.00|0.00|0|22244466000133|
|C170|1|PROD005|INSUMO INDUSTRIAL E|49.47|UN|1988.16|5102|00|1748.69|12.00|209.84|0.00|0.00|0.00|0.00|0.00|0.00|
|C170|2|PROD003|MATERIAL BRUTO C|11.56|UN|3534.09|5102|10|3365.24|12.00|403.83|0.00|0.00|0.00|0.00|0.00|0.00|
|C170|3|PROD008|CONJUNTO MONTADO H|25.28|UN|17965.34|5102|20|16475.07|12.00|1977.01|0.00|0.00|0.00|0.00|0.00|0.00|
|C100|1|0|98765432000188|55|00|000000273|000|28032024|31032024|32714.96|16164.59|1939.75|0.00|0.00|0.00|0.00|0.00|0.00|0.00|0|55512312300010|
|C170|1|PROD004|PRODUTO ACABADO D|17.74|UN|12997.83|5102|40|0.00|12.00|0.00|0.00|0.00|0.00|0.00|0.00|0.00|
|C170|2|PROD005|INSUMO INDUSTRIAL E|42.58|UN|1081.13|5102|30|0.00|12.00|0.00|0.00|0.00|0.00|0.00|0.00|0.00|
|C170|3|PROD004|PRODUTO ACABADO D|12.90|UN|8242.44|5102|00|7159.78|12.00|859.17|0.00|0.00|0.00|0.00|0.00|0.00|
|C170|4|PROD006|EMBALAGEM PADRAO F|25.80|UN|236.81|5102|00|212.41|12.00|25.49|0.00|0.00|0.00|0.00|0.00|0.00|
|C170|5|PROD003|MATERIAL BRUTO C|29.67|UN|10156.75|5102|00|8792.40|12.00|1055.09|0.00|0.00|0.00|0.00|0.00|0.00|
|C100|1|0|98765432000188|55|00|000000274|000|17032024|20032024|9422.32|6194.13|743.30|0.00|0.00|0.00|0.00|0.00|0.00|0.00|0|77788899000177|
|C170|1|PROD005|INSUMO INDUSTRIAL E|42.40|UN|735.64|5102|20|723.58|12.00|86.83|0.00|0.00|0.00|0.00|0.00|0.00|
|C170|2|PROD001|PECA MECANICA TIPO A|32.85|UN|2517.93|5102|40|0.00|12.00|0.00|0.00|0.00|0.00|0.00|0.00|0.00|
|C170|3|PROD008|CONJUNTO MONTADO H|6.75|UN|6168.75|5102|00|5470.55|12.00|656.47|0.00|0.00|0.00|0.00|0.00|0.00|
|C100|1|0|98765432000188|55|00|000000275|000|27032024|28032024|1724.69|1640.14|196.82|0.00|0.00|0.00|0.00|0.00|0.00|0.00|0|33366699000100|
|C170|1|PROD007|PARTE SOBRESSALENTE G|19.68|UN|1724.69|5101|20|1640.14|12.00|196.82|0.00|0.00|0.00|0.00|0.00|0.00|
|C100|1|0|98765432000188|55|00|000000276|000|22032024|24032024|71029.26|45276.90|5433.23|0.00|0.00|0.00|0.00|0.00|0.00|0.00|0|22244466000133|
|C170|1|PROD008|CONJUNTO MONTADO H|44.88|UN|47683.70|5101|00|44959.24|12.00|5395.11|0.00|0.00|0.00|0.00|0.00|0.00|
|C170|2|PROD002|COMPONENTE ELETRICO B|10.88|UN|369.23|5101|20|317.66|12.00|38.12|0.00|0.00|0.00|0.00|0.00|0.00|
|C170|3|PROD004|PRODUTO ACABADO D|31.31|UN|22976.33|5101|40|0.00|12.00|0.00|0.00|0.00|0.00|0.00|0.00|0.00|
|C100|1|0|98765432000188|55|00|000000277|000|21032024|21032024|8424.59|1497.82|179.74|0.00|0.00|0.00|0.00|0.00|0.00|0.00|0|22244466000133|
|C170|1|PROD008|CONJUNTO MONTADO H|5.83|UN|6461.16|6102|40|0.00|12.00|0.00|0.00|0.00|0.00|0.00|0.00|0.00|
|C170|2|PROD001|PECA MECANICA TIPO A|18.60|UN|1622.86|6102|00|1497.82|12.00|179.74|0.00|0.00|0.00|0.00|0.00|0.00|
|C170|3|PROD005|INSUMO INDUSTRIAL E|11.42|UN|340.57|6102|70|0.00|12.00|0.00|0.00|0.00|0.00|0.00|0.00|0.00|
|C100|1|0|98765432000188|55|00|000000278|000|06032024|09032024|3236.78|3003.96|360.48|0.00|0.00|0.00|0.00|0.00|0.00|0.00|0|22244466000133|
|C170|1|PROD007|PARTE SOBRESSALENTE G|26.36|UN|3236.78|5403|00|3003.96|12.00|360.48|0.00|0.00|0.00|0.00|0.00|0.00|
|C100|1|0|98765432000188|55|00|000000279|000|13032024|15032024|6501.98|6079.07|729.49|0.00|0.00|0.00|0.00|0.00|0.00|0.00|0|55512312300010|
|C170|1|PROD007|PARTE SOBRESSALENTE G|48.97|UN|6472.76|6101|00|6079.07|12.00|729.49|0.00|0.00|0.00|0.00|0.00|0.00|
|C170|2|PROD006|EMBALAGEM PADRAO F|2.54|UN|29.22|6101|41|0.00|12.00|0.00|0.00|0.00|0.00|0.00|0.00|0.00|
|C100|1|0|98765432000188|55|00|000000280|000|09032024|11032024|1700.13|1536.31|184.36|0.00|0.00|0.00|0.00|0.00|0.00|0.00|0|22244466000133|
|C170|1|PROD002|COMPONENTE ELETRICO B|33.49|UN|1700.13|5401|00|1536.31|12.00|184.36|0.00|0.00|0.00|0.00|0.00|0.00|
|C100|1|0|98765432000188|55|00|000000281|000|22032024|22032024|2372.69|2192.24|263.07|0.00|0.00|0.00|0.00|0.00|0.00|0.00|0|55512312300010|
|C170|1|PROD007|PARTE SOBRESSALENTE G|24.49|UN|2372.69|6101|00|2192.24|12.00|263.07|0.00|0.00|0.00|0.00|0.00|0.00|
|C100|1|0|98765432000188|55|00|000000282|000|08032024|09032024|4460.92|545.45|65.45|0.00|0.00|0.00|0.00|0.00|0.00|0.00|0|22244466000133|
|C170|1|PROD002|COMPONENTE ELETRICO B|11.88|UN|635.06|5403|51|545.45|12.00|65.45|0.00|0.00|0.00|0.00|0.00|0.00|
|C170|2|PROD007|PARTE SOBRESSALENTE G|41.73|UN|3825.86|5403|40|0.00|12.00|0.00|0.00|0.00|0.00|0.00|0.00|0.00|
|C100|1|0|98765432000188|55|00|000000283|000|11032024|11032024|12782.48|2365.91|283.91|0.00|0.00|0.00|0.00|0.00|0.00|0.00|0|55512312300010|
|C170|1|PROD002|COMPONENTE ELETRICO B|38.12|UN|2521.07|5401|10|2365.91|12.00|283.91|0.00|0.00|0.00|0.00|0.00|0.00|
|C170|2|PROD002|COMPONENTE ELETRICO B|3.57|UN|262.89|5401|41|0.00|12.00|0.00|0.00|0.00|0.00|0.00|0.00|0.00|
|C170|3|PROD007|PARTE SOBRESSALENTE G|43.20|UN|6778.51|5401|40|0.00|12.00|0.00|0.00|0.00|0.00|0.00|0.00|0.00|
|C170|4|PROD002|COMPONENTE ELETRICO B|44.54|UN|3220.01|5401|50|0.00|12.00|0.00|0.00|0.00|0.00|0.00|0.00|0.00|
|C100|1|0|98765432000188|55|00|000000284|000|07032024|09032024|21134.99|5542.40|665.09|0.00|0.00|0.00|0.00|0.00|0.00|0.00|0|55512312300010|
|C170|1|PROD004|PRODUTO ACABADO D|2.25|UN|1731.60|6101|40|0.00|12.00|0.00|0.00|0.00|0.00|0.00|0.00|0.00|
|C170|2|PROD002|COMPONENTE ELETRICO B|8.66|UN|381.39|6101|00|342.16|12.00|41.06|0.00|0.00|0.00|0.00|0.00|0.00|
|C170|3|PROD001|PECA MECANICA TIPO A|13.66|UN|1351.66|6101|00|1321.75|12.00|158.61|0.00|0.00|0.00|0.00|0.00|0.00|
|C170|4|PROD004|PRODUTO ACABADO D|15.26|UN|13422.19|6101|40|0.00|12.00|0.00|0.00|0.00|0.00|0.00|0.00|0.00|
|C170|5|PROD001|PECA MECANICA TIPO A|42.88|UN|4248.15|6101|20|3878.49|12.00|465.42|0.00|0.00|0.00|0.00|0.00|0.00|
|C100|1|0|98765432000188|55|00|000000285|000|21032024|22032024|41718.84|35187.72|4222.53|0.00|0.00|0.00|0.00|0.00|0.00|0.00|0|55512312300010|
|C170|1|PROD008|CONJUNTO MONTADO H|3.00|UN|2961.82|6102|30|0.00|12.00|0.00|0.00|0.00|0.00|0.00|0.00|0.00|
|C170|2|PROD008|CONJUNTO MONTADO H|32.65|UN|37913.83|6102|00|35187.72|12.00|4222.53|0.00|0.00|0.00|0.00|0.00|0.00|
|C170|3|PROD002|COMPONENTE ELETRICO B|10.98|UN|843.19|6102|40|0.00|12.00|0.00|0.00|0.00|0.00|0.00|0.00|0.00|
|C100|1|0|98765432000188|55|00|000000286|000|07032024|09032024|21166.27|2299.79|275.97|0.00|0.00|0.00|0.00|0.00|0.00|0.00|0|99900011000155|
|C170|1|PROD003|MATERIAL BRUTO C|8.62|UN|1807.54|6101|20|1771.53|12.00|212.58|0.00|0.00|0.00|0.00|0.00|0.00|
|C170|2|PROD008|CONJUNTO MONTADO H|16.78|UN|18754.56|6101|40|0.00|12.00|0.00|0.00|0.00|0.00|0.00|0.00|0.00|
|C170|3|PROD005|INSUMO INDUSTRIAL E|23.46|UN|604.17|6101|10|528.26|12.00|63.39|0.00|0.00|0.00|0.00|0.00|0.00|
|C100|1|0|98765432000188|55|00|000000287|000|22032024|24032024|20414.37|17581.45|2109.77|0.00|0.00|0.00|0.00|0.00|0.00|0.00|0|99900011000155|
|C170|1|PROD005|INSUMO INDUSTRIAL E|20.98|UN|511.38|5403|20|450.79|12.00|54.09|0.00|0.00|0.00|0.00|0.00|0.00|
|C170|2|PROD004|PRODUTO ACABADO D|37.02|UN|19902.99|5403|00|17130.66|12.00|2055.68|0.00|0.00|0.00|0.00|0.00|0.00|
|C100|1|0|98765432000188|55|00|000000288|000|21032024|24032024|380.61|70.72|8.49|0.00|0.00|0.00|0.00|0.00|0.00|0.00|0|77788899000177|
|C170|1|PROD006|EMBALAGEM PADRAO F|13.82|UN|76.31|5401|00|70.72|12.00|8.49|0.00|0.00|0.00|0.00|0.00|0.00|
|C170|2|PROD006|EMBALAGEM PADRAO F|41.40|UN|304.30|5401|40|0.00|12.00|0.00|0.00|0.00|0.00|0.00|0.00|0.00|
|C100|1|0|98765432000188|55|00|000000289|000|25032024|28032024|17065.57|3218.83|386.26|0.00|0.00|0.00|0.00|0.00|0.00|0.00|0|33366699000100|
|C170|1|PROD005|INSUMO INDUSTRIAL E|10.81|UN|364.41|5401|10|330.06|12.00|39.61|0.00|0.00|0.00|0.00|0.00|0.00|
|C170|2|PROD006|EMBALAGEM PADRAO F|15.03|UN|78.91|5401|51|78.18|12.00|9.38|0.00|0.00|0.00|0.00|0.00|0.00|
|C170|3|PROD002|COMPONENTE ELETRICO B|34.77|UN|2825.65|5401|10|2810.59|12.00|337.27|0.00|0.00|0.00|0.00|0.00|0.00|
|C170|4|PROD004|PRODUTO ACABADO D|18.25|UN|13416.84|5401|40|0.00|12.00|0.00|0.00|0.00|0.00|0.00|0.00|0.00|
|C170|5|PROD005|INSUMO INDUSTRIAL E|15.04|UN|379.76|5401|70|0.00|12.00|0.00|0.00|0.00|0.00|0.00|0.00|0.00|
|C100|1|0|98765432000188|55|00|000000290|000|31032024|03042024|4440.59|4125.53|495.06|0.00|0.00|0.00|0.00|0.00|0.00|0.00|0|55512312300010|
|C170|1|PROD006|EMBALAGEM PADRAO F|24.04|UN|282.24|6101|20|253.49|12.00|30.42|0.00|0.00|0.00|0.00|0.00|0.00|
|C170|2|PROD007|PARTE SOBRESSALENTE G|44.68|UN|3635.77|6101|00|3586.69|12.00|430.40|0.00|0.00|0.00|0.00|0.00|0.00|
|C170|3|PROD006|EMBALAGEM PADRAO F|2.91|UN|18.86|6101|00|16.54|12.00|1.98|0.00|0.00|0.00|0.00|0.00|0.00|
|C170|4|PROD002|COMPONENTE ELETRICO B|6.03|UN|227.16|6101|40|0.00|12.00|0.00|0.00|0.00|0.00|0.00|0.00|0.00|
|C170|5|PROD006|EMBALAGEM PADRAO F|48.10|UN|276.56|6101|00|268.81|12.00|32.26|0.00|0.00|0.00|0.00|0.00|0.00|
|C100|1|0|98765432000188|55|00|000000291|000|17032024|18032024|12706.66|12628.79|1515.46|0.00|0.00|0.00|0.00|0.00|0.00|0.00|0|99900011000155|
|C170|1|PROD002|COMPONENTE ELETRICO B|13.71|UN|608.68|5102|00|532.38|12.00|63.89|0.00|0.00|0.00|0.00|0.00|0.00|
|C170|2|PROD003|MATERIAL BRUTO C|41.12|UN|12097.98|5102|20|12096.41|12.00|1451.57|0.00|0.00|0.00|0.00|0.00|0.00|
|C100|1|0|98765432000188|55|00|000000292|000|04032024|06032024|28346.18|26558.00|3186.96|0.00|0.00|0.00|0.00|0.00|0.00|0.00|0|77788899000177|
|C170|1|PROD002|COMPONENTE ELETRICO B|2.78|UN|132.65|5401|50|0.00|12.00|0.00|0.00|0.00|0.00|0.00|0.00|0.00|
|C170|2|PROD004|PRODUTO ACABADO D|20.25|UN|15404.62|5401|20|14365.85|12.00|1723.90|0.00|0.00|0.00|0.00|0.00|0.00|
|C170|3|PROD003|MATERIAL BRUTO C|40.68|UN|12808.91|5401|90|12192.15|12.00|1463.06|0.00|0.00|0.00|0.00|0.00|0.00|
|C100|1|0|98765432000188|55|00|000000293|000|25032024|25032024|8797.25|2461.22|295.35|0.00|0.00|0.00|0.00|0.00|0.00|0.00|0|33366699000100|
|C170|1|PROD004|PRODUTO ACABADO D|10.59|UN|6183.45|5102|40|0.00|12.00|0.00|0.00|0.00|0.00|0.00|0.00|0.00|
|C170|2|PROD003|MATERIAL BRUTO C|10.32|UN|2613.80|5102|00|2461.22|12.00|295.35|0.00|0.00|0.00|0.00|0.00|0.00|
|C100|1|0|98765432000188|55|00|000000294|000|07032024|08032024|8294.28|7598.16|911.77|0.00|0.00|0.00|0.00|0.00|0.00|0.00|0|55512312300010|
|C170|1|PROD007|PARTE SOBRESSALENTE G|44.06|UN|4727.42|6102|00|4340.95|12.00|520.91|0.00|0.00|0.00|0.00|0.00|0.00|
|C170|2|PROD005|INSUMO INDUSTRIAL E|9.62|UN|327.09|6102|00|292.42|12.00|35.09|0.00|0.00|0.00|0.00|0.00|0.00|
|C170|3|PROD002|COMPONENTE ELETRICO B|17.59|UN|966.87|6102|90|902.94|12.00|108.35|0.00|0.00|0.00|0.00|0.00|0.00|
|C170|4|PROD001|PECA MECANICA TIPO A|24.00|UN|2272.90|6102|00|2061.85|12.00|247.42|0.00|0.00|0.00|0.00|0.00|0.00|
|C100|1|0|98765432000188|55|00|000000295|000|29032024|30032024|17805.12|14942.65|1793.12|0.00|0.00|0.00|0.00|0.00|0.00|0.00|0|77788899000177|
|C170|1|PROD003|MATERIAL BRUTO C|30.99|UN|9060.00|5401|20|8525.96|12.00|1023.12|0.00|0.00|0.00|0.00|0.00|0.00|
|C170|2|PROD008|CONJUNTO MONTADO H|4.84|UN|5838.16|5401|00|5571.82|12.00|668.62|0.00|0.00|0.00|0.00|0.00|0.00|
|C170|3|PROD005|INSUMO INDUSTRIAL E|22.39|UN|903.19|5401|90|844.87|12.00|101.38|0.00|0.00|0.00|0.00|0.00|0.00|
|C170|4|PROD001|PECA MECANICA TIPO A|30.73|UN|2003.77|5401|30|0.00|12.00|0.00|0.00|0.00|0.00|0.00|0.00|0.00|
|C100|1|0|98765432000188|55|00|000000296|000|19032024|19032024|65852.28|19185.30|2302.23|0.00|0.00|0.00|0.00|0.00|0.00|0.00|0|55512312300010|
|C170|1|PROD003|MATERIAL BRUTO C|9.49|UN|3270.15|6102|00|3121.00|12.00|374.52|0.00|0.00|0.00|0.00|0.00|0.00|
|C170|2|PROD008|CONJUNTO MONTADO H|1.43|UN|1143.16|6102|00|1029.45|12.00|123.53|0.00|0.00|0.00|0.00|0.00|0.00|
|C170|3|PROD008|CONJUNTO MONTADO H|25.23|UN|33779.54|6102|30|0.00|12.00|0.00|0.00|0.00|0.00|0.00|0.00|0.00|
|C170|4|PROD004|PRODUTO ACABADO D|20.43|UN|12347.93|6102|60|0.00|12.00|0.00|0.00|0.00|0.00|0.00|0.00|0.00|
|C170|5|PROD004|PRODUTO ACABADO D|23.20|UN|15311.50|6102|00|15034.85|12.00|1804.18|0.00|0.00|0.00|0.00|0.00|0.00|
|C100|1|0|98765432000188|55|00|000000297|000|05032024|08032024|36483.81|2270.13|272.41|0.00|0.00|0.00|0.00|0.00|0.00|0.00|0|55512312300010|
|C170|1|PROD005|INSUMO INDUSTRIAL E|27.43|UN|963.82|5403|00|832.10|12.00|99.85|0.00|0.00|0.00|0.00|0.00|0.00|
|C170|2|PROD007|PARTE SOBRESSALENTE G|8.92|UN|761.16|5403|40|0.00|12.00|0.00|0.00|0.00|0.00|0.00|0.00|0.00|
|C170|3|PROD008|CONJUNTO MONTADO H|35.01|UN|33194.48|5403|50|0.00|12.00|0.00|0.00|0.00|0.00|0.00|0.00|0.00|
|C170|4|PROD003|MATERIAL BRUTO C|5.13|UN|1564.35|5403|00|1438.03|12.00|172.56|0.00|0.00|0.00|0.00|0.00|0.00|
|C100|1|0|98765432000188|55|00|000000298|000|30032024|02042024|15565.09|15066.03|1807.92|0.00|0.00|0.00|0.00|0.00|0.00|0.00|0|99900011000155|
|C170|1|PROD006|EMBALAGEM PADRAO F|1.89|UN|14.15|6102|20|13.43|12.00|1.61|0.00|0.00|0.00|0.00|0.00|0.00|
|C170|2|PROD003|MATERIAL BRUTO C|46.68|UN|14099.69|6102|90|13618.62|12.00|1634.23|0.00|0.00|0.00|0.00|0.00|0.00|
|C170|3|PROD002|COMPONENTE ELETRICO B|23.59|UN|1451.25|6102|00|1433.98|12.00|172.08|0.00|0.00|0.00|0.00|0.00|0.00|
|C100|1|0|98765432000188|55|00|000000299|000|19032024|21032024|27380.89|1188.32|142.60|0.00|0.00|0.00|0.00|0.00|0.00|0.00|0|99900011000155|
|C170|1|PROD005|INSUMO INDUSTRIAL E|15.67|UN|343.33|6101|00|296.97|12.00|35.64|0.00|0.00|0.00|0.00|0.00|0.00|
|C170|2|PROD005|INSUMO INDUSTRIAL E|28.80|UN|1030.21|6101|00|891.35|12.00|106.96|0.00|0.00|0.00|0.00|0.00|0.00|
|C170|3|PROD008|CONJUNTO MONTADO H|17.93|UN|23474.58|6101|70|0.00|12.00|0.00|0.00|0.00|0.00|0.00|0.00|0.00|
|C170|4|PROD007|PARTE SOBRESSALENTE G|22.23|UN|2532.77|6101|40|0.00|12.00|0.00|0.00|0.00|0.00|0.00|0.00|0.00|
|C100|1|0|98765432000188|55|00|000000300|000|25032024|25032024|30.13|28.90|3.47|0.00|0.00|0.00|0.00|0.00|0.00|0.00|0|55512312300010|
|C170|1|PROD006|EMBALAGEM PADRAO F|3.34|UN|30.13|6101|51|28.90|12.00|3.47|0.00|0.00|0.00|0.00|0.00|0.00|
|C100|1|0|98765432000188|55|00|000000301|000|19032024|19032024|1395.03|1350.58|162.07|0.00|0.00|0.00|0.00|0.00|0.00|0.00|0|99900011000155|
|C170|1|PROD007|PARTE SOBRESSALENTE G|15.80|UN|1395.03|5401|00|1350.58|12.00|162.07|0.00|0.00|0.00|0.00|0.00|0.00|
|C100|1|0|98765432000188|55|00|000000302|000|12032024|12032024|284.33|248.57|29.83|0.00|0.00|0.00|0.00|0.00|0.00|0.00|0|99900011000155|
|C170|1|PROD006|EMBALAGEM PADRAO F|34.05|UN|284.33|6102|00|248.57|12.00|29.83|0.00|0.00|0.00|0.00|0.00|0.00|
|C100|1|0|98765432000188|55|00|000000303|000|23032024|26032024|49889.55|38618.42|4634.21|0.00|0.00|0.00|0.00|0.00|0.00|0.00|0|99900011000155|
|C170|1|PROD003|MATERIAL BRUTO C|23.16|UN|5744.61|5102|00|5071.81|12.00|608.62|0.00|0.00|0.00|0.00|0.00|0.00|
|C170|2|PROD008|CONJUNTO MONTADO H|29.17|UN|38044.10|5102|00|33546.61|12.00|4025.59|0.00|0.00|0.00|0.00|0.00|0.00|
|C170|3|PROD002|COMPONENTE ELETRICO B|46.48|UN|2411.43|5102|50|0.00|12.00|0.00|0.00|0.00|0.00|0.00|0.00|0.00|
|C170|4|PROD004|PRODUTO ACABADO D|7.20|UN|3689.41|5102|70|0.00|12.00|0.00|0.00|0.00|0.00|0.00|0.00|0.00|
|C100|1|0|98765432000188|55|00|000000304|000|10032024|12032024|32213.17|741.16|88.94|0.00|0.00|0.00|0.00|0.00|0.00|0.00|0|22244466000133|
|C170|1|PROD006|EMBALAGEM PADRAO F|41.30|UN|439.47|5102|20|416.49|12.00|49.98|0.00|0.00|0.00|0.00|0.00|0.00|
|C170|2|PROD008|CONJUNTO MONTADO H|37.82|UN|31393.02|5102|41|0.00|12.00|0.00|0.00|0.00|0.00|0.00|0.00|0.00|
|C170|3|PROD006|EMBALAGEM PADRAO F|47.41|UN|380.68|5102|51|324.67|12.00|38.96|0.00|0.00|0.00|0.00|0.00|0.00|
|C100|1|0|98765432000188|55|00|000000305|000|18032024|18032024|32395.97|3784.44|454.13|0.00|0.00|0.00|0.00|0.00|0.00|0.00|0|55512312300010|
|C170|1|PROD003|MATERIAL BRUTO C|19.82|UN|4330.35|5102|00|3784.44|12.00|454.13|0.00|0.00|0.00|0.00|0.00|0.00|
|C170|2|PROD008|CONJUNTO MONTADO H|38.58|UN|28065.62|5102|50|0.00|12.00|0.00|0.00|0.00|0.00|0.00|0.00|0.00|
|C100|1|0|98765432000188|55|00|000000306|000|06032024|06032024|12552.59|9589.73|1150.77|0.00|0.00|0.00|0.00|0.00|0.00|0.00|0|55512312300010|
|C170|1|PROD005|INSUMO INDUSTRIAL E|43.47|UN|771.19|6101|50|0.00|12.00|0.00|0.00|0.00|0.00|0.00|0.00|0.00|
|C170|2|PROD001|PECA MECANICA TIPO A|16.59|UN|919.42|6101|20|871.07|12.00|104.53|0.00|0.00|0.00|0.00|0.00|0.00|
|C170|3|PROD004|PRODUTO ACABADO D|12.55|UN|8925.39|6101|00|8718.66|12.00|1046.24|0.00|0.00|0.00|0.00|0.00|0.00|
|C170|4|PROD002|COMPONENTE ELETRICO B|44.87|UN|1936.59|6101|40|0.00|12.00|0.00|0.00|0.00|0.00|0.00|0.00|0.00|
|C100|1|0|98765432000188|55|00|000000307|000|18032024|21032024|52632.39|47690.32|5722.83|0.00|0.00|0.00|0.00|0.00|0.00|0.00|0|55512312300010|
|C170|1|PROD008|CONJUNTO MONTADO H|46.13|UN|50062.12|5101|00|45314.70|12.00|5437.76|0.00|0.00|0.00|0.00|0.00|0.00|
|C170|2|PROD002|COMPONENTE ELETRICO B|23.89|UN|1363.76|5101|00|1182.69|12.00|141.92|0.00|0.00|0.00|0.00|0.00|0.00|
|C170|3|PROD007|PARTE SOBRESSALENTE G|12.29|UN|1206.51|5101|00|1192.93|12.00|143.15|0.00|0.00|0.00|0.00|0.00|0.00|
|C100|1|0|98765432000188|55|00|000000308|000|11032024|14032024|58358.13|1950.62|234.07|0.00|0.00|0.00|0.00|0.00|0.00|0.00|0|77788899000177|
|C170|1|PROD003|MATERIAL BRUTO C|46.27|UN|10891.97|6101|60|0.00|12.00|0.00|0.00|0.00|0.00|0.00|0.00|0.00|
|C170|2|PROD007|PARTE SOBRESSALENTE G|18.48|UN|2358.12|6101|30|0.00|12.00|0.00|0.00|0.00|0.00|0.00|0.00|0.00|
|C170|3|PROD008|CONJUNTO MONTADO H|30.90|UN|42975.87|6101|41|0.00|12.00|0.00|0.00|0.00|0.00|0.00|0.00|0.00|
|C170|4|PROD001|PECA MECANICA TIPO A|34.92|UN|2132.17|6101|20|1950.62|12.00|234.07|0.00|0.00|0.00|0.00|0.00|0.00|
|C100|1|0|98765432000188|55|00|000000309|000|12032024|14032024|660.83|657.18|78.86|0.00|0.00|0.00|0.00|0.00|0.00|0.00|0|55512312300010|
|C170|1|PROD005|INSUMO INDUSTRIAL E|41.85|UN|660.83|5102|00|657.18|12.00|78.86|0.00|0.00|0.00|0.00|0.00|0.00|
|C100|1|0|98765432000188|55|00|000000310|000|23032024|23032024|4944.34|4728.88|567.47|0.00|0.00|0.00|0.00|0.00|0.00|0.00|0|33366699000100|
|C170|1|PROD003|MATERIAL BRUTO C|19.67|UN|4944.34|5102|51|4728.88|12.00|567.47|0.00|0.00|0.00|0.00|0.00|0.00|
|C100|1|0|98765432000188|55|00|000000311|000|16032024|16032024|40831.39|8549.09|1025.89|0.00|0.00|0.00|0.00|0.00|0.00|0.00|0|22244466000133|
|C170|1|PROD003|MATERIAL BRUTO C|37.60|UN|9219.78|5102|00|8549.09|12.00|1025.89|0.00|0.00|0.00|0.00|0.00|0.00|
|C170|2|PROD008|CONJUNTO MONTADO H|32.31|UN|27421.54|5102|60|0.00|12.00|0.00|0.00|0.00|0.00|0.00|0.00|0.00|
|C170|3|PROD006|EMBALAGEM PADRAO F|34.66|UN|375.02|5102|30|0.00|12.00|0.00|0.00|0.00|0.00|0.00|0.00|0.00|
|C170|4|PROD003|MATERIAL BRUTO C|16.73|UN|3815.05|5102|40|0.00|12.00|0.00|0.00|0.00|0.00|0.00|0.00|0.00|
|C100|1|0|98765432000188|55|00|000000312|000|25032024|26032024|22695.61|20663.53|2479.63|0.00|0.00|0.00|0.00|0.00|0.00|0.00|0|22244466000133|
|C170|1|PROD005|INSUMO INDUSTRIAL E|23.35|UN|696.70|6102|90|615.31|12.00|73.84|0.00|0.00|0.00|0.00|0.00|0.00|
|C170|2|PROD004|PRODUTO ACABADO D|9.64|UN|7914.05|6102|20|7889.46|12.00|946.74|0.00|0.00|0.00|0.00|0.00|0.00|
|C170|3|PROD008|CONJUNTO MONTADO H|19.99|UN|14084.86|6102|20|12158.76|12.00|1459.05|0.00|0.00|0.00|0.00|0.00|0.00|
|C100|1|0|98765432000188|55|00|000000313|000|30032024|30032024|54306.20|7857.95|942.95|0.00|0.00|0.00|0.00|0.00|0.00|0.00|0|77788899000177|
|C170|1|PROD001|PECA MECANICA TIPO A|25.65|UN|1297.33|5401|70|0.00|12.00|0.00|0.00|0.00|0.00|0.00|0.00|0.00|
|C170|2|PROD003|MATERIAL BRUTO C|44.61|UN|9019.05|5401|10|7857.95|12.00|942.95|0.00|0.00|0.00|0.00|0.00|0.00|
|C170|3|PROD008|CONJUNTO MONTADO H|32.09|UN|43989.82|5401|40|0.00|12.00|0.00|0.00|0.00|0.00|0.00|0.00|0.00|
|C100|1|0|98765432000188|55|00|000000314|000|04032024|06032024|83.14|0.00|0.00|0.00|0.00|0.00|0.00|0.00|0.00|0.00|0|99900011000155|
|C170|1|PROD006|EMBALAGEM PADRAO F|7.14|UN|83.14|5101|40|0.00|12.00|0.00|0.00|0.00|0.00|0.00|0.00|0.00|
|C100|1|0|98765432000188|55|00|000000315|000|27032024|30032024|7165.73|6913.49|829.62|0.00|0.00|0.00|0.00|0.00|0.00|0.00|0|77788899000177|
|C170|1|PROD004|PRODUTO ACABADO D|4.63|UN|4342.88|5401|20|4308.09|12.00|516.97|0.00|0.00|0.00|0.00|0.00|0.00|
|C170|2|PROD002|COMPONENTE ELETRICO B|34.53|UN|2822.85|5401|00|2605.40|12.00|312.65|0.00|0.00|0.00|0.00|0.00|0.00|
|C100|1|0|98765432000188|55|00|000000316|000|21032024|24032024|45078.27|20477.10|2457.25|0.00|0.00|0.00|0.00|0.00|0.00|0.00|0|99900011000155|
|C170|1|PROD004|PRODUTO ACABADO D|10.11|UN|7946.56|6101|20|6986.40|12.00|838.37|0.00|0.00|0.00|0.00|0.00|0.00|
|C170|2|PROD003|MATERIAL BRUTO C|44.72|UN|9541.87|6101|00|8426.33|12.00|1011.16|0.00|0.00|0.00|0.00|0.00|0.00|
|C170|3|PROD004|PRODUTO ACABADO D|24.92|UN|21729.62|6101|40|0.00|12.00|0.00|0.00|0.00|0.00|0.00|0.00|0.00|
|C170|4|PROD007|PARTE SOBRESSALENTE G|47.26|UN|5860.22|6101|00|5064.37|12.00|607.72|0.00|0.00|0.00|0.00|0.00|0.00|
|C100|1|0|98765432000188|55|00|000000317|000|01032024|02032024|36445.43|26770.03|3212.40|0.00|0.00|0.00|0.00|0.00|0.00|0.00|0|22244466000133|
|C170|1|PROD006|EMBALAGEM PADRAO F|15.53|UN|143.22|6102|40|0.00|12.00|0.00|0.00|0.00|0.00|0.00|0.00|0.00|
|C170|2|PROD004|PRODUTO ACABADO D|43.00|UN|28760.50|6102|10|26429.43|12.00|3171.53|0.00|0.00|0.00|0.00|0.00|0.00|
|C170|3|PROD005|INSUMO INDUSTRIAL E|21.70|UN|397.78|6102|20|340.60|12.00|40.87|0.00|0.00|0.00|0.00|0.00|0.00|
|C170|4|PROD004|PRODUTO ACABADO D|11.23|UN|7143.93|6102|70|0.00|12.00|0.00|0.00|0.00|0.00|0.00|0.00|0.00|
|C100|1|0|98765432000188|55|00|000000318|000|13032024|13032024|51038.35|16200.34|1944.04|0.00|0.00|0.00|0.00|0.00|0.00|0.00|0|77788899000177|
|C170|1|PROD008|CONJUNTO MONTADO H|20.80|UN|19023.06|5403|00|16200.34|12.00|1944.04|0.00|0.00|0.00|0.00|0.00|0.00|
|C170|2|PROD007|PARTE SOBRESSALENTE G|45.77|UN|5061.72|5403|40|0.00|12.00|0.00|0.00|0.00|0.00|0.00|0.00|0.00|
|C170|3|PROD008|CONJUNTO MONTADO H|19.06|UN|15608.16|5403|60|0.00|12.00|0.00|0.00|0.00|0.00|0.00|0.00|0.00|
|C170|4|PROD004|PRODUTO ACABADO D|8.74|UN|5787.25|5403|70|0.00|12.00|0.00|0.00|0.00|0.00|0.00|0.00|0.00|
|C170|5|PROD003|MATERIAL BRUTO C|26.86|UN|5558.16|5403|30|0.00|12.00|0.00|0.00|0.00|0.00|0.00|0.00|0.00|
|C100|1|0|98765432000188|55|00|000000319|000|26032024|26032024|26207.04|8051.97|966.23|0.00|0.00|0.00|0.00|0.00|0.00|0.00|0|33366699000100|
|C170|1|PROD001|PECA MECANICA TIPO A|37.67|UN|3156.33|5403|50|0.00|12.00|0.00|0.00|0.00|0.00|0.00|0.00|0.00|
|C170|2|PROD001|PECA MECANICA TIPO A|36.73|UN|3794.00|5403|00|3329.62|12.00|399.55|0.00|0.00|0.00|0.00|0.00|0.00|
|C170|3|PROD006|EMBALAGEM PADRAO F|7.73|UN|50.16|5403|50|0.00|12.00|0.00|0.00|0.00|0.00|0.00|0.00|0.00|
|C170|4|PROD007|PARTE SOBRESSALENTE G|32.85|UN|5003.56|5403|51|4722.35|12.00|566.68|0.00|0.00|0.00|0.00|0.00|0.00|
|C170|5|PROD003|MATERIAL BRUTO C|48.02|UN|14202.99|5403|50|0.00|12.00|0.00|0.00|0.00|0.00|0.00|0.00|0.00|
|C100|1|0|98765432000188|55|00|000000320|000|23032024|24032024|8404.99|1155.79|138.69|0.00|0.00|0.00|0.00|0.00|0.00|0.00|0|55512312300010|
|C170|1|PROD008|CONJUNTO MONTADO H|8.47|UN|7097.01|6101|41|0.00|12.00|0.00|0.00|0.00|0.00|0.00|0.00|0.00|
|C170|2|PROD001|PECA MECANICA TIPO A|12.88|UN|1307.98|6101|00|1155.79|12.00|138.69|0.00|0.00|0.00|0.00|0.00|0.00|
|C100|1|0|98765432000188|55|00|000000321|000|20032024|22032024|449.86|421.69|50.60|0.00|0.00|0.00|0.00|0.00|0.00|0.00|0|99900011000155|
|C170|1|PROD006|EMBALAGEM PADRAO F|47.91|UN|449.86|5101|90|421.69|12.00|50.60|0.00|0.00|0.00|0.00|0.00|0.00|
|C100|1|0|98765432000188|55|00|000000322|000|30032024|31032024|65189.63|36274.47|4352.94|0.00|0.00|0.00|0.00|0.00|0.00|0.00|0|22244466000133|
|C170|1|PROD005|INSUMO INDUSTRIAL E|22.44|UN|659.82|6101|00|599.60|12.00|71.95|0.00|0.00|0.00|0.00|0.00|0.00|
|C170|2|PROD004|PRODUTO ACABADO D|32.11|UN|27060.54|6101|00|25409.13|12.00|3049.10|0.00|0.00|0.00|0.00|0.00|0.00|
|C170|3|PROD008|CONJUNTO MONTADO H|19.78|UN|25922.18|6101|50|0.00|12.00|0.00|0.00|0.00|0.00|0.00|0.00|0.00|
|C170|4|PROD004|PRODUTO ACABADO D|21.00|UN|11547.09|6101|00|10265.74|12.00|1231.89|0.00|0.00|0.00|0.00|0.00|0.00|
|C100|1|0|98765432000188|55|00|000000323|000|13032024|15032024|49795.72|120.08|14.41|0.00|0.00|0.00|0.00|0.00|0.00|0.00|0|99900011000155|
|C170|1|PROD002|COMPONENTE ELETRICO B|2.14|UN|126.21|5403|10|120.08|12.00|14.41|0.00|0.00|0.00|0.00|0.00|0.00|
|C170|2|PROD008|CONJUNTO MONTADO H|42.37|UN|48525.43|5403|50|0.00|12.00|0.00|0.00|0.00|0.00|0.00|0.00|0.00|
|C170|3|PROD002|COMPONENTE ELETRICO B|31.11|UN|1144.08|5403|30|0.00|12.00|0.00|0.00|0.00|0.00|0.00|0.00|0.00|
|C100|1|0|98765432000188|55|00|000000324|000|05032024|05032024|23064.41|1370.79|164.49|0.00|0.00|0.00|0.00|0.00|0.00|0.00|0|22244466000133|
|C170|1|PROD005|INSUMO INDUSTRIAL E|46.18|UN|965.20|5102|00|862.34|12.00|103.48|0.00|0.00|0.00|0.00|0.00|0.00|
|C170|2|PROD001|PECA MECANICA TIPO A|5.12|UN|509.22|5102|00|508.45|12.00|61.01|0.00|0.00|0.00|0.00|0.00|0.00|
|C170|3|PROD001|PECA MECANICA TIPO A|35.34|UN|3332.63|5102|40|0.00|12.00|0.00|0.00|0.00|0.00|0.00|0.00|0.00|
|C170|4|PROD001|PECA MECANICA TIPO A|13.21|UN|840.82|5102|40|0.00|12.00|0.00|0.00|0.00|0.00|0.00|0.00|0.00|
|C170|5|PROD003|MATERIAL BRUTO C|49.79|UN|17416.54|5102|41|0.00|12.00|0.00|0.00|0.00|0.00|0.00|0.00|0.00|
|C100|1|0|98765432000188|55|00|000000325|000|19032024|21032024|5733.04|2951.40|354.17|0.00|0.00|0.00|0.00|0.00|0.00|0.00|0|33366699000100|
|C170|1|PROD003|MATERIAL BRUTO C|5.74|UN|1872.95|5101|00|1748.90|12.00|209.87|0.00|0.00|0.00|0.00|0.00|0.00|
|C170|2|PROD007|PARTE SOBRESSALENTE G|32.85|UN|2644.09|5101|40|0.00|12.00|0.00|0.00|0.00|0.00|0.00|0.00|0.00|
|C170|3|PROD002|COMPONENTE ELETRICO B|14.77|UN|1216.00|5101|00|1202.50|12.00|144.30|0.00|0.00|0.00|0.00|0.00|0.00|
|C100|1|0|98765432000188|55|00|000000326|000|03032024|06032024|89714.34|87433.31|10492.00|0.00|0.00|0.00|0.00|0.00|0.00|0.00|0|22244466000133|
|C170|1|PROD008|CONJUNTO MONTADO H|40.64|UN|36212.04|6101|00|34805.08|12.00|4176.61|0.00|0.00|0.00|0.00|0.00|0.00|
|C170|2|PROD008|CONJUNTO MONTADO H|38.57|UN|53502.30|6101|00|52628.23|12.00|6315.39|0.00|0.00|0.00|0.00|0.00|0.00|
|C100|1|0|98765432000188|55|00|000000327|000|08032024|09032024|35901.74|26661.28|3199.36|0.00|0.00|0.00|0.00|0.00|0.00|0.00|0|22244466000133|
|C170|1|PROD001|PECA MECANICA TIPO A|33.57|UN|1858.21|5102|00|1694.02|12.00|203.28|0.00|0.00|0.00|0.00|0.00|0.00|
|C170|2|PROD004|PRODUTO ACABADO D|8.78|UN|6135.03|5102|40|0.00|12.00|0.00|0.00|0.00|0.00|0.00|0.00|0.00|
|C170|3|PROD008|CONJUNTO MONTADO H|30.45|UN|23917.51|5102|10|21621.88|12.00|2594.63|0.00|0.00|0.00|0.00|0.00|0.00|
|C170|4|PROD006|EMBALAGEM PADRAO F|43.97|UN|384.32|5102|30|0.00|12.00|0.00|0.00|0.00|0.00|0.00|0.00|0.00|
|C170|5|PROD004|PRODUTO ACABADO D|5.10|UN|3606.67|5102|10|3345.38|12.00|401.45|0.00|0.00|0.00|0.00|0.00|0.00|
|C100|1|0|98765432000188|55|00|000000328|000|14032024|16032024|16441.66|7124.13|854.89|0.00|0.00|0.00|0.00|0.00|0.00|0.00|0|55512312300010|
|C170|1|PROD004|PRODUTO ACABADO D|10.31|UN|8545.56|5401|40|0.00|12.00|0.00|0.00|0.00|0.00|0.00|0.00|0.00|
|C170|2|PROD005|INSUMO INDUSTRIAL E|39.82|UN|705.27|5401|00|618.28|12.00|74.19|0.00|0.00|0.00|0.00|0.00|0.00|
|C170|3|PROD007|PARTE SOBRESSALENTE G|30.59|UN|2694.63|5401|10|2602.62|12.00|312.31|0.00|0.00|0.00|0.00|0.00|0.00|
|C170|4|PROD001|PECA MECANICA TIPO A|46.26|UN|4496.20|5401|10|3903.23|12.00|468.39|0.00|0.00|0.00|0.00|0.00|0.00|
|C100|1|0|98765432000188|55|00|000000329|000|18032024|20032024|30598.73|26218.41|3146.21|0.00|0.00|0.00|0.00|0.00|0.00|0.00|0|55512312300010|
|C170|1|PROD008|CONJUNTO MONTADO H|41.51|UN|30598.73|6101|00|26218.41|12.00|3146.21|0.00|0.00|0.00|0.00|0.00|0.00|
|C100|1|0|98765432000188|55|00|000000330|000|25032024|27032024|19728.72|19175.05|2301.01|0.00|0.00|0.00|0.00|0.00|0.00|0.00|0|77788899000177|
|C170|1|PROD006|EMBALAGEM PADRAO F|8.99|UN|82.23|5102|00|73.23|12.00|8.79|0.00|0.00|0.00|0.00|0.00|0.00|
|C170|2|PROD005|INSUMO INDUSTRIAL E|3.36|UN|60.66|5102|00|53.77|12.00|6.45|0.00|0.00|0.00|0.00|0.00|0.00|
|C170|3|PROD004|PRODUTO ACABADO D|22.01|UN|19585.83|5102|10|19048.05|12.00|2285.77|0.00|0.00|0.00|0.00|0.00|0.00|
|C100|1|0|98765432000188|55|00|000000331|000|02032024|03032024|21356.84|0.00|0.00|0.00|0.00|0.00|0.00|0.00|0.00|0.00|0|22244466000133|
|C170|1|PROD004|PRODUTO ACABADO D|29.57|UN|21356.84|5403|60|0.00|12.00|0.00|0.00|0.00|0.00|0.00|0.00|0.00|
|C100|1|0|98765432000188|55|00|000000332|000|18032024|20032024|50643.46|7928.84|951.46|0.00|0.00|0.00|0.00|0.00|0.00|0.00|0|99900011000155|
|C170|1|PROD007|PARTE SOBRESSALENTE G|10.74|UN|1679.04|5403|00|1552.77|12.00|186.33|0.00|0.00|0.00|0.00|0.00|0.00|
|C170|2|PROD007|PARTE SOBRESSALENTE G|45.01|UN|6291.05|5403|10|5431.11|12.00|651.73|0.00|0.00|0.00|0.00|0.00|0.00|
|C170|3|PROD008|CONJUNTO MONTADO H|32.77|UN|40440.65|5403|40|0.00|12.00|0.00|0.00|0.00|0.00|0.00|0.00|0.00|
|C170|4|PROD005|INSUMO INDUSTRIAL E|24.24|UN|1012.59|5403|90|944.96|12.00|113.40|0.00|0.00|0.00|0.00|0.00|0.00|
|C170|5|PROD007|PARTE SOBRESSALENTE G|10.05|UN|1220.13|5403|70|0.00|12.00|0.00|0.00|0.00|0.00|0.00|0.00|0.00|
|C100|1|0|98765432000188|55|00|000000333|000|04032024|04032024|7180.59|6179.95|741.59|0.00|0.00|0.00|0.00|0.00|0.00|0.00|0|77788899000177|
|C170|1|PROD007|PARTE SOBRESSALENTE G|42.93|UN|6288.68|6102|10|5566.17|12.00|667.94|0.00|0.00|0.00|0.00|0.00|0.00|
|C170|2|PROD002|COMPONENTE ELETRICO B|14.43|UN|667.39|6102|10|613.78|12.00|73.65|0.00|0.00|0.00|0.00|0.00|0.00|
|C170|3|PROD006|EMBALAGEM PADRAO F|31.71|UN|224.52|6102|41|0.00|12.00|0.00|0.00|0.00|0.00|0.00|0.00|0.00|
|C100|1|0|98765432000188|55|00|000000334|000|14032024|15032024|32795.19|5872.92|704.76|0.00|0.00|0.00|0.00|0.00|0.00|0.00|0|99900011000155|
|C170|1|PROD008|CONJUNTO MONTADO H|21.57|UN|25971.79|5401|40|0.00|12.00|0.00|0.00|0.00|0.00|0.00|0.00|0.00|
|C170|2|PROD007|PARTE SOBRESSALENTE G|13.09|UN|1423.93|5401|00|1232.55|12.00|147.91|0.00|0.00|0.00|0.00|0.00|0.00|
|C170|3|PROD007|PARTE SOBRESSALENTE G|18.84|UN|2511.54|5401|00|2151.30|12.00|258.16|0.00|0.00|0.00|0.00|0.00|0.00|
|C170|4|PROD008|CONJUNTO MONTADO H|2.29|UN|2847.02|5401|51|2450.09|12.00|294.01|0.00|0.00|0.00|0.00|0.00|0.00|
|C170|5|PROD005|INSUMO INDUSTRIAL E|1.20|UN|40.91|5401|00|38.98|12.00|4.68|0.00|0.00|0.00|0.00|0.00|0.00|
|C100|1|0|98765432000188|55|00|000000335|000|18032024|20032024|38163.91|28939.65|3472.76|0.00|0.00|0.00|0.00|0.00|0.00|0.00|0|22244466000133|
|C170|1|PROD007|PARTE SOBRESSALENTE G|40.00|UN|6316.40|5403|70|0.00|12.00|0.00|0.00|0.00|0.00|0.00|0.00|0.00|
|C170|2|PROD005|INSUMO INDUSTRIAL E|26.59|UN|489.49|5403|10|454.49|12.00|54.54|0.00|0.00|0.00|0.00|0.00|0.00|
|C170|3|PROD008|CONJUNTO MONTADO H|41.83|UN|31358.02|5403|00|28485.16|12.00|3418.22|0.00|0.00|0.00|0.00|0.00|0.00|
|C100|1|0|98765432000188|55|00|000000336|000|20032024|21032024|15217.14|11341.62|1360.99|0.00|0.00|0.00|0.00|0.00|0.00|0.00|0|22244466000133|
|C170|1|PROD003|MATERIAL BRUTO C|22.56|UN|7389.67|5102|10|7119.25|12.00|854.31|0.00|0.00|0.00|0.00|0.00|0.00|
|C170|2|PROD003|MATERIAL BRUTO C|9.38|UN|2990.34|5102|41|0.00|12.00|0.00|0.00|0.00|0.00|0.00|0.00|0.00|
|C170|3|PROD003|MATERIAL BRUTO C|21.09|UN|4837.13|5102|90|4222.37|12.00|506.68|0.00|0.00|0.00|0.00|0.00|0.00|
|C100|1|0|98765432000188|55|00|000000337|000|03032024|06032024|52083.19|23501.75|2820.21|0.00|0.00|0.00|0.00|0.00|0.00|0.00|0|99900011000155|
|C170|1|PROD005|INSUMO INDUSTRIAL E|24.38|UN|826.83|5101|51|711.27|12.00|85.35|0.00|0.00|0.00|0.00|0.00|0.00|
|C170|2|PROD008|CONJUNTO MONTADO H|31.58|UN|23488.57|5101|00|22790.48|12.00|2734.86|0.00|0.00|0.00|0.00|0.00|0.00|
|C170|3|PROD008|CONJUNTO MONTADO H|21.75|UN|27767.79|5101|60|0.00|12.00|0.00|0.00|0.00|0.00|0.00|0.00|0.00|
|C100|1|0|98765432000188|55|00|000000338|000|27032024|30032024|419.30|0.00|0.00|0.00|0.00|0.00|0.00|0.00|0.00|0.00|0|77788899000177|
|C170|1|PROD006|EMBALAGEM PADRAO F|39.90|UN|419.30|5102|40|0.00|12.00|0.00|0.00|0.00|0.00|0.00|0.00|0.00|
|C100|1|0|98765432000188|55|00|000000339|000|17032024|19032024|1324.75|1198.80|143.86|0.00|0.00|0.00|0.00|0.00|0.00|0.00|0|33366699000100|
|C170|1|PROD007|PARTE SOBRESSALENTE G|15.93|UN|1324.75|6102|51|1198.80|12.00|143.86|0.00|0.00|0.00|0.00|0.00|0.00|
|C100|1|0|98765432000188|55|00|000000340|000|03032024|04032024|24351.69|22387.43|2686.49|0.00|0.00|0.00|0.00|0.00|0.00|0.00|0|22244466000133|
|C170|1|PROD004|PRODUTO ACABADO D|34.95|UN|19169.32|5403|20|17429.82|12.00|2091.58|0.00|0.00|0.00|0.00|0.00|0.00|
|C170|2|PROD003|MATERIAL BRUTO C|21.56|UN|4619.66|5403|20|4476.02|12.00|537.12|0.00|0.00|0.00|0.00|0.00|0.00|
|C170|3|PROD007|PARTE SOBRESSALENTE G|6.49|UN|562.71|5403|00|481.59|12.00|57.79|0.00|0.00|0.00|0.00|0.00|0.00|
|C100|1|0|98765432000188|55|00|000000341|000|01032024|01032024|328.78|297.57|35.71|0.00|0.00|0.00|0.00|0.00|0.00|0.00|0|22244466000133|
|C170|1|PROD006|EMBALAGEM PADRAO F|31.67|UN|328.78|6101|00|297.57|12.00|35.71|0.00|0.00|0.00|0.00|0.00|0.00|
|C100|1|0|98765432000188|55|00|000000342|000|16032024|17032024|7383.24|6433.79|772.05|0.00|0.00|0.00|0.00|0.00|0.00|0.00|0|22244466000133|
|C170|1|PROD003|MATERIAL BRUTO C|7.72|UN|2078.49|5403|00|1775.53|12.00|213.06|0.00|0.00|0.00|0.00|0.00|0.00|
|C170|2|PROD007|PARTE SOBRESSALENTE G|35.91|UN|5304.75|5403|51|4658.26|12.00|558.99|0.00|0.00|0.00|0.00|0.00|0.00|
|C100|1|0|98765432000188|55|00|000000343|000|26032024|28032024|2583.51|0.00|0.00|0.00|0.00|0.00|0.00|0.00|0.00|0.00|0|99900011000155|
|C170|1|PROD007|PARTE SOBRESSALENTE G|21.47|UN|2583.51|6101|40|0.00|12.00|0.00|0.00|0.00|0.00|0.00|0.00|0.00|
|C100|1|0|98765432000188|55|00|000000344|000|24032024|25032024|11800.69|1918.50|230.22|0.00|0.00|0.00|0.00|0.00|0.00|0.00|0|99900011000155|
|C170|1|PROD002|COMPONENTE ELETRICO B|30.54|UN|2034.16|5101|20|1843.04|12.00|221.16|0.00|0.00|0.00|0.00|0.00|0.00|
|C170|2|PROD008|CONJUNTO MONTADO H|7.41|UN|9686.03|5101|40|0.00|12.00|0.00|0.00|0.00|0.00|0.00|0.00|0.00|
|C170|3|PROD002|COMPONENTE ELETRICO B|1.16|UN|80.50|5101|00|75.46|12.00|9.06|0.00|0.00|0.00|0.00|0.00|0.00|
|C100|1|0|98765432000188|55|00|000000345|000|27032024|28032024|35759.07|28024.41|3362.93|0.00|0.00|0.00|0.00|0.00|0.00|0.00|0|99900011000155|
|C170|1|PROD001|PECA MECANICA TIPO A|17.89|UN|1281.82|5101|40|0.00|12.00|0.00|0.00|0.00|0.00|0.00|0.00|0.00|
|C170|2|PROD001|PECA MECANICA TIPO A|44.78|UN|4017.12|5101|50|0.00|12.00|0.00|0.00|0.00|0.00|0.00|0.00|0.00|
|C170|3|PROD002|COMPONENTE ELETRICO B|6.20|UN|289.48|5101|51|264.84|12.00|31.78|0.00|0.00|0.00|0.00|0.00|0.00|
|C170|4|PROD008|CONJUNTO MONTADO H|37.05|UN|29777.27|5101|10|27759.57|12.00|3331.15|0.00|0.00|0.00|0.00|0.00|0.00|
|C170|5|PROD007|PARTE SOBRESSALENTE G|2.83|UN|393.38|5101|50|0.00|12.00|0.00|0.00|0.00|0.00|0.00|0.00|0.00|
|C100|1|0|98765432000188|55|00|000000346|000|20032024|22032024|3236.26|0.00|0.00|0.00|0.00|0.00|0.00|0.00|0.00|0.00|0|55512312300010|
|C170|1|PROD002|COMPONENTE ELETRICO B|45.94|UN|3236.26|6101|40|0.00|12.00|0.00|0.00|0.00|0.00|0.00|0.00|0.00|
|C100|1|0|98765432000188|55|00|000000347|000|13032024|14032024|66863.16|56740.47|6808.86|0.00|0.00|0.00|0.00|0.00|0.00|0.00|0|33366699000100|
|C170|1|PROD007|PARTE SOBRESSALENTE G|10.45|UN|1272.32|5403|60|0.00|12.00|0.00|0.00|0.00|0.00|0.00|0.00|0.00|
|C170|2|PROD007|PARTE SOBRESSALENTE G|27.00|UN|3328.14|5403|10|3032.89|12.00|363.95|0.00|0.00|0.00|0.00|0.00|0.00|
|C170|3|PROD007|PARTE SOBRESSALENTE G|45.56|UN|5156.03|5403|20|4532.55|12.00|543.91|0.00|0.00|0.00|0.00|0.00|0.00|
|C170|4|PROD008|CONJUNTO MONTADO H|47.73|UN|55849.70|5403|20|48029.10|12.00|5763.49|0.00|0.00|0.00|0.00|0.00|0.00|
|C170|5|PROD005|INSUMO INDUSTRIAL E|45.94|UN|1256.97|5403|00|1145.93|12.00|137.51|0.00|0.00|0.00|0.00|0.00|0.00|
|C100|1|0|98765432000188|55|00|000000348|000|23032024|25032024|1370.83|0.00|0.00|0.00|0.00|0.00|0.00|0.00|0.00|0.00|0|99900011000155|
|C170|1|PROD006|EMBALAGEM PADRAO F|18.52|UN|127.77|6102|30|0.00|12.00|0.00|0.00|0.00|0.00|0.00|0.00|0.00|
|C170|2|PROD005|INSUMO INDUSTRIAL E|31.09|UN|1243.06|6102|30|0.00|12.00|0.00|0.00|0.00|0.00|0.00|0.00|0.00|
|C100|1|0|98765432000188|55|00|000000349|000|22032024|24032024|18249.54|16994.09|2039.29|0.00|0.00|0.00|0.00|0.00|0.00|0.00|0|55512312300010|
|C170|1|PROD003|MATERIAL BRUTO C|39.95|UN|12498.27|5101|20|11301.47|12.00|1356.18|0.00|0.00|0.00|0.00|0.00|0.00|
|C170|2|PROD007|PARTE SOBRESSALENTE G|39.84|UN|5751.27|5101|20|5692.62|12.00|683.11|0.00|0.00|0.00|0.00|0.00|0.00|
|C100|1|0|98765432000188|55|00|000000350|000|11032024|14032024|20134.14|3549.65|425.96|0.00|0.00|0.00|0.00|0.00|0.00|0.00|0|55512312300010|
|C170|1|PROD003|MATERIAL BRUTO C|37.40|UN|11958.81|5102|40|0.00|12.00|0.00|0.00|0.00|0.00|0.00|0.00|0.00|
|C170|2|PROD007|PARTE SOBRESSALENTE G|36.34|UN|4467.52|5102|40|0.00|12.00|0.00|0.00|0.00|0.00|0.00|0.00|0.00|
|C170|3|PROD001|PECA MECANICA TIPO A|45.81|UN|3707.81|5102|90|3549.65|12.00|425.96|0.00|0.00|0.00|0.00|0.00|0.00|
|C100|1|0|98765432000188|55|00|000000351|000|04032024|05032024|11092.44|9891.76|1187.01|0.00|0.00|0.00|0.00|0.00|0.00|0.00|0|55512312300010|
|C170|1|PROD008|CONJUNTO MONTADO H|10.84|UN|11092.44|6101|20|9891.76|12.00|1187.01|0.00|0.00|0.00|0.00|0.00|0.00|
|C100|1|0|98765432000188|55|00|000000352|000|10032024|11032024|3142.55|0.00|0.00|0.00|0.00|0.00|0.00|0.00|0.00|0.00|0|55512312300010|
|C170|1|PROD002|COMPONENTE ELETRICO B|41.98|UN|3142.55|5101|41|0.00|12.00|0.00|0.00|0.00|0.00|0.00|0.00|0.00|
|C100|1|0|98765432000188|55|00|000000353|000|07032024|08032024|14682.05|13525.30|1623.04|0.00|0.00|0.00|0.00|0.00|0.00|0.00|0|33366699000100|
|C170|1|PROD008|CONJUNTO MONTADO H|16.22|UN|14682.05|6101|00|13525.30|12.00|1623.04|0.00|0.00|0.00|0.00|0.00|0.00|
|C100|1|0|98765432000188|55|00|000000354|000|22032024|23032024|56906.39|1121.41|134.57|0.00|0.00|0.00|0.00|0.00|0.00|0.00|0|22244466000133|
|C170|1|PROD008|CONJUNTO MONTADO H|45.87|UN|39576.69|5401|30|0.00|12.00|0.00|0.00|0.00|0.00|0.00|0.00|0.00|
|C170|2|PROD002|COMPONENTE ELETRICO B|28.95|UN|1253.66|5401|10|1121.41|12.00|134.57|0.00|0.00|0.00|0.00|0.00|0.00|
|C170|3|PROD004|PRODUTO ACABADO D|20.44|UN|15127.28|5401|50|0.00|12.00|0.00|0.00|0.00|0.00|0.00|0.00|0.00|
|C170|4|PROD002|COMPONENTE ELETRICO B|13.20|UN|948.76|5401|50|0.00|12.00|0.00|0.00|0.00|0.00|0.00|0.00|0.00|
|C100|1|0|98765432000188|55|00|000000355|000|28032024|30032024|38335.41|0.00|0.00|0.00|0.00|0.00|0.00|0.00|0.00|0.00|0|55512312300010|
|C170|1|PROD004|PRODUTO ACABADO D|3.81|UN|3551.05|5401|40|0.00|12.00|0.00|0.00|0.00|0.00|0.00|0.00|0.00|
|C170|2|PROD004|PRODUTO ACABADO D|1.15|UN|914.27|5401|40|0.00|12.00|0.00|0.00|0.00|0.00|0.00|0.00|0.00|
|C170|3|PROD004|PRODUTO ACABADO D|36.34|UN|28821.72|5401|60|0.00|12.00|0.00|0.00|0.00|0.00|0.00|0.00|0.00|
|C170|4|PROD007|PARTE SOBRESSALENTE G|32.03|UN|4591.57|5401|50|0.00|12.00|0.00|0.00|0.00|0.00|0.00|0.00|0.00|
|C170|5|PROD006|EMBALAGEM PADRAO F|42.41|UN|456.80|5401|60|0.00|12.00|0.00|0.00|0.00|0.00|0.00|0.00|0.00|
|C100|1|0|98765432000188|55|00|000000356|000|15032024|18032024|9015.08|8588.69|1030.64|0.00|0.00|0.00|0.00|0.00|0.00|0.00|0|22244466000133|
|C170|1|PROD001|PECA MECANICA TIPO A|11.55|UN|1257.08|5101|20|1251.34|12.00|150.16|0.00|0.00|0.00|0.00|0.00|0.00|
|C170|2|PROD005|INSUMO INDUSTRIAL E|16.61|UN|559.82|5101|00|480.61|12.00|57.67|0.00|0.00|0.00|0.00|0.00|0.00|
|C170|3|PROD001|PECA MECANICA TIPO A|49.78|UN|4669.86|5101|00|4338.30|12.00|520.60|0.00|0.00|0.00|0.00|0.00|0.00|
|C170|4|PROD007|PARTE SOBRESSALENTE G|17.98|UN|2528.32|5101|51|2518.44|12.00|302.21|0.00|0.00|0.00|0.00|0.00|0.00|
|C100|1|0|98765432000188|55|00|000000357|000|12032024|12032024|1339.44|1307.86|156.94|0.00|0.00|0.00|0.00|0.00|0.00|0.00|0|33366699000100|
|C170|1|PROD007|PARTE SOBRESSALENTE G|15.59|UN|1339.44|5101|20|1307.86|12.00|156.94|0.00|0.00|0.00|0.00|0.00|0.00|
|C100|1|0|98765432000188|55|00|000000358|000|22032024|23032024|17730.41|16509.53|1981.14|0.00|0.00|0.00|0.00|0.00|0.00|0.00|0|22244466000133|
|C170|1|PROD006|EMBALAGEM PADRAO F|22.26|UN|236.14|5101|60|0.00|12.00|0.00|0.00|0.00|0.00|0.00|0.00|0.00|
|C170|2|PROD008|CONJUNTO MONTADO H|10.18|UN|8294.66|5101|20|7723.17|12.00|926.78|0.00|0.00|0.00|0.00|0.00|0.00|
|C170|3|PROD004|PRODUTO ACABADO D|9.77|UN|9199.61|5101|00|8786.36|12.00|1054.36|0.00|0.00|0.00|0.00|0.00|0.00|
|C100|1|0|98765432000188|55|00|000000359|000|07032024|10032024|323.31|0.00|0.00|0.00|0.00|0.00|0.00|0.00|0.00|0.00|0|33366699000100|
|C170|1|PROD006|EMBALAGEM PADRAO F|32.46|UN|323.31|5101|40|0.00|12.00|0.00|0.00|0.00|0.00|0.00|0.00|0.00|
|C100|1|0|98765432000188|55|00|000000360|000|31032024|03042024|130.51|130.13|15.62|0.00|0.00|0.00|0.00|0.00|0.00|0.00|0|55512312300010|
|C170|1|PROD006|EMBALAGEM PADRAO F|11.61|UN|130.51|5102|00|130.13|12.00|15.62|0.00|0.00|0.00|0.00|0.00|0.00|
|C100|1|0|98765432000188|55|00|000000361|000|27032024|28032024|76085.38|45846.08|5501.53|0.00|0.00|0.00|0.00|0.00|0.00|0.00|0|77788899000177|
|C170|1|PROD008|CONJUNTO MONTADO H|30.95|UN|27540.04|5102|10|26983.83|12.00|3238.06|0.00|0.00|0.00|0.00|0.00|0.00|
|C170|2|PROD004|PRODUTO ACABADO D|16.93|UN|15219.60|5102|00|15145.66|12.00|1817.48|0.00|0.00|0.00|0.00|0.00|0.00|
|C170|3|PROD003|MATERIAL BRUTO C|15.38|UN|3729.45|5102|20|3716.59|12.00|445.99|0.00|0.00|0.00|0.00|0.00|0.00|
|C170|4|PROD004|PRODUTO ACABADO D|30.61|UN|29596.29|5102|40|0.00|12.00|0.00|0.00|0.00|0.00|0.00|0.00|0.00|
|C100|1|0|98765432000188|55|00|000000362|000|15032024|17032024|37343.36|27193.95|3263.27|0.00|0.00|0.00|0.00|0.00|0.00|0.00|0|22244466000133|
|C170|1|PROD004|PRODUTO ACABADO D|37.74|UN|28818.65|5403|10|25789.66|12.00|3094.76|0.00|0.00|0.00|0.00|0.00|0.00|
|C170|2|PROD003|MATERIAL BRUTO C|5.30|UN|1612.95|5403|00|1404.29|12.00|168.51|0.00|0.00|0.00|0.00|0.00|0.00|
|C170|3|PROD003|MATERIAL BRUTO C|28.82|UN|6911.76|5403|30|0.00|12.00|0.00|0.00|0.00|0.00|0.00|0.00|0.00|
|C100|1|0|98765432000188|55|00|000000363|000|28032024|30032024|25485.62|1596.93|191.64|0.00|0.00|0.00|0.00|0.00|0.00|0.00|0|77788899000177|
|C170|1|PROD003|MATERIAL BRUTO C|11.18|UN|2417.32|5101|40|0.00|12.00|0.00|0.00|0.00|0.00|0.00|0.00|0.00|
|C170|2|PROD002|COMPONENTE ELETRICO B|24.55|UN|1267.36|5101|00|1196.46|12.00|143.58|0.00|0.00|0.00|0.00|0.00|0.00|
|C170|3|PROD005|INSUMO INDUSTRIAL E|14.41|UN|433.98|5101|20|400.47|12.00|48.06|0.00|0.00|0.00|0.00|0.00|0.00|
|C170|4|PROD008|CONJUNTO MONTADO H|15.73|UN|21366.96|5101|41|0.00|12.00|0.00|0.00|0.00|0.00|0.00|0.00|0.00|
|C100|1|0|98765432000188|55|00|000000364|000|15032024|15032024|5401.64|0.00|0.00|0.00|0.00|0.00|0.00|0.00|0.00|0.00|0|99900011000155|
|C170|1|PROD001|PECA MECANICA TIPO A|42.78|UN|5126.70|5101|70|0.00|12.00|0.00|0.00|0.00|0.00|0.00|0.00|0.00|
|C170|2|PROD005|INSUMO INDUSTRIAL E|9.77|UN|274.94|5101|40|0.00|12.00|0.00|0.00|0.00|0.00|0.00|0.00|0.00|
|C100|1|0|98765432000188|55|00|000000365|000|31032024|31032024|15418.77|900.46|108.06|0.00|0.00|0.00|0.00|0.00|0.00|0.00|0|22244466000133|
|C170|1|PROD005|INSUMO INDUSTRIAL E|36.79|UN|725.52|5403|00|691.35|12.00|82.96|0.00|0.00|0.00|0.00|0.00|0.00|
|C170|2|PROD005|INSUMO INDUSTRIAL E|2.49|UN|92.50|5403|10|86.05|12.00|10.33|0.00|0.00|0.00|0.00|0.00|0.00|
|C170|3|PROD004|PRODUTO ACABADO D|15.51|UN|9058.18|5403|50|0.00|12.00|0.00|0.00|0.00|0.00|0.00|0.00|0.00|
|C170|4|PROD006|EMBALAGEM PADRAO F|20.86|UN|142.45|5403|20|123.06|12.00|14.77|0.00|0.00|0.00|0.00|0.00|0.00|
|C170|5|PROD007|PARTE SOBRESSALENTE G|36.34|UN|5400.12|5403|41|0.00|12.00|0.00|0.00|0.00|0.00|0.00|0.00|0.00|
|C100|1|0|98765432000188|55|00|000000366|000|08032024|08032024|1484.86|0.00|0.00|0.00|0.00|0.00|0.00|0.00|0.00|0.00|0|33366699000100|
|C170|1|PROD003|MATERIAL BRUTO C|4.52|UN|1484.86|5102|40|0.00|12.00|0.00|0.00|0.00|0.00|0.00|0.00|0.00|
|C100|1|0|98765432000188|55|00|000000367|000|21032024|24032024|1109.96|0.00|0.00|0.00|0.00|0.00|0.00|0.00|0.00|0.00|0|77788899000177|
|C170|1|PROD005|INSUMO INDUSTRIAL E|41.71|UN|1109.96|6101|30|0.00|12.00|0.00|0.00|0.00|0.00|0.00|0.00|0.00|
|C100|1|0|98765432000188|55|00|000000368|000|26032024|26032024|59275.53|0.00|0.00|0.00|0.00|0.00|0.00|0.00|0.00|0.00|0|33366699000100|
|C170|1|PROD004|PRODUTO ACABADO D|39.65|UN|29225.90|6102|41|0.00|12.00|0.00|0.00|0.00|0.00|0.00|0.00|0.00|
|C170|2|PROD004|PRODUTO ACABADO D|37.16|UN|28687.52|6102|40|0.00|12.00|0.00|0.00|0.00|0.00|0.00|0.00|0.00|
|C170|3|PROD001|PECA MECANICA TIPO A|23.69|UN|1362.11|6102|60|0.00|12.00|0.00|0.00|0.00|0.00|0.00|0.00|0.00|
|C100|1|0|98765432000188|55|00|000000369|000|12032024|13032024|32836.15|18243.97|2189.28|0.00|0.00|0.00|0.00|0.00|0.00|0.00|0|33366699000100|
|C170|1|PROD003|MATERIAL BRUTO C|45.13|UN|11292.13|5102|40|0.00|12.00|0.00|0.00|0.00|0.00|0.00|0.00|0.00|
|C170|2|PROD006|EMBALAGEM PADRAO F|46.82|UN|431.25|5102|40|0.00|12.00|0.00|0.00|0.00|0.00|0.00|0.00|0.00|
|C170|3|PROD003|MATERIAL BRUTO C|28.50|UN|9829.99|5102|90|8643.99|12.00|1037.28|0.00|0.00|0.00|0.00|0.00|0.00|
|C170|4|PROD004|PRODUTO ACABADO D|16.54|UN|11282.78|5102|00|9599.98|12.00|1152.00|0.00|0.00|0.00|0.00|0.00|0.00|
|C100|1|0|98765432000188|55|00|000000370|000|06032024|09032024|2803.69|2417.73|290.13|0.00|0.00|0.00|0.00|0.00|0.00|0.00|0|77788899000177|
|C170|1|PROD001|PECA MECANICA TIPO A|32.97|UN|2803.69|6102|00|2417.73|12.00|290.13|0.00|0.00|0.00|0.00|0.00|0.00|
|C100|1|0|98765432000188|55|00|000000371|000|20032024|20032024|31184.61|11935.80|1432.30|0.00|0.00|0.00|0.00|0.00|0.00|0.00|0|33366699000100|
|C170|1|PROD003|MATERIAL BRUTO C|34.54|UN|8185.16|5101|40|0.00|12.00|0.00|0.00|0.00|0.00|0.00|0.00|0.00|
|C170|2|PROD008|CONJUNTO MONTADO H|11.61|UN|12684.65|5101|00|11935.80|12.00|1432.30|0.00|0.00|0.00|0.00|0.00|0.00|
|C170|3|PROD003|MATERIAL BRUTO C|10.22|UN|3569.61|5101|40|0.00|12.00|0.00|0.00|0.00|0.00|0.00|0.00|0.00|
|C170|4|PROD007|PARTE SOBRESSALENTE G|4.25|UN|608.99|5101|40|0.00|12.00|0.00|0.00|0.00|0.00|0.00|0.00|0.00|
|C170|5|PROD003|MATERIAL BRUTO C|21.38|UN|6136.20|5101|40|0.00|12.00|0.00|0.00|0.00|0.00|0.00|0.00|0.00|
|C100|1|0|98765432000188|55|00|000000372|000|20032024|21032024|6667.44|3178.62|381.43|0.00|0.00|0.00|0.00|0.00|0.00|0.00|0|33366699000100|
|C170|1|PROD005|INSUMO INDUSTRIAL E|25.36|UN|475.09|5401|90|436.12|12.00|52.33|0.00|0.00|0.00|0.00|0.00|0.00|
|C170|2|PROD001|PECA MECANICA TIPO A|16.47|UN|1137.80|5401|10|991.31|12.00|118.96|0.00|0.00|0.00|0.00|0.00|0.00|
|C170|3|PROD003|MATERIAL BRUTO C|6.24|UN|1855.53|5401|20|1751.19|12.00|210.14|0.00|0.00|0.00|0.00|0.00|0.00|
|C170|4|PROD005|INSUMO INDUSTRIAL E|13.71|UN|316.34|5401|50|0.00|12.00|0.00|0.00|0.00|0.00|0.00|0.00|0.00|
|C170|5|PROD007|PARTE SOBRESSALENTE G|26.74|UN|2882.68|5401|30|0.00|12.00|0.00|0.00|0.00|0.00|0.00|0.00|0.00|
|C100|1|0|98765432000188|55|00|000000373|000|24032024|24032024|23913.23|22207.47|2664.90|0.00|0.00|0.00|0.00|0.00|0.00|0.00|0|99900011000155|
|C170|1|PROD004|PRODUTO ACABADO D|46.57|UN|23913.23|6101|00|22207.47|12.00|2664.90|0.00|0.00|0.00|0.00|0.00|0.00|
|C100|1|0|98765432000188|55|00|000000374|000|27032024|30032024|67157.12|13296.13|1595.54|0.00|0.00|0.00|0.00|0.00|0.00|0.00|0|55512312300010|
|C170|1|PROD003|MATERIAL BRUTO C|46.18|UN|13324.20|5102|20|13296.13|12.00|1595.54|0.00|0.00|0.00|0.00|0.00|0.00|
|C170|2|PROD006|EMBALAGEM PADRAO F|14.13|UN|100.31|5102|60|0.00|12.00|0.00|0.00|0.00|0.00|0.00|0.00|0.00|
|C170|3|PROD003|MATERIAL BRUTO C|48.52|UN|10302.40|5102|40|0.00|12.00|0.00|0.00|0.00|0.00|0.00|0.00|0.00|
|C170|4|PROD008|CONJUNTO MONTADO H|34.53|UN|43430.21|5102|40|0.00|12.00|0.00|0.00|0.00|0.00|0.00|0.00|0.00|
|C100|1|0|98765432000188|55|00|000000375|000|19032024|20032024|1673.17|1467.59|176.11|0.00|0.00|0.00|0.00|0.00|0.00|0.00|0|55512312300010|
|C170|1|PROD005|INSUMO INDUSTRIAL E|29.86|UN|522.18|5403|00|454.69|12.00|54.56|0.00|0.00|0.00|0.00|0.00|0.00|
|C170|2|PROD006|EMBALAGEM PADRAO F|9.90|UN|101.59|5403|10|87.82|12.00|10.54|0.00|0.00|0.00|0.00|0.00|0.00|
|C170|3|PROD007|PARTE SOBRESSALENTE G|7.79|UN|1049.40|5403|10|925.08|12.00|111.01|0.00|0.00|0.00|0.00|0.00|0.00|
|C100|1|0|98765432000188|55|00|000000376|000|09032024|09032024|1265.91|1185.76|142.29|0.00|0.00|0.00|0.00|0.00|0.00|0.00|0|99900011000155|
|C170|1|PROD007|PARTE SOBRESSALENTE G|9.09|UN|894.66|5401|00|863.31|12.00|103.60|0.00|0.00|0.00|0.00|0.00|0.00|
|C170|2|PROD006|EMBALAGEM PADRAO F|43.12|UN|351.87|5401|20|303.17|12.00|36.38|0.00|0.00|0.00|0.00|0.00|0.00|
|C170|3|PROD006|EMBALAGEM PADRAO F|3.64|UN|19.38|5401|00|19.28|12.00|2.31|0.00|0.00|0.00|0.00|0.00|0.00|
|C100|1|0|98765432000188|55|00|000000377|000|01032024|04032024|30117.96|27072.65|3248.72|0.00|0.00|0.00|0.00|0.00|0.00|0.00|0|22244466000133|
|C170|1|PROD007|PARTE SOBRESSALENTE G|12.75|UN|1454.88|5102|70|0.00|12.00|0.00|0.00|0.00|0.00|0.00|0.00|0.00|
|C170|2|PROD004|PRODUTO ACABADO D|44.15|UN|28636.99|5102|00|27072.65|12.00|3248.72|0.00|0.00|0.00|0.00|0.00|0.00|
|C170|3|PROD006|EMBALAGEM PADRAO F|4.80|UN|26.09|5102|50|0.00|12.00|0.00|0.00|0.00|0.00|0.00|0.00|0.00|
|C100|1|0|98765432000188|55|00|000000378|000|05032024|06032024|56838.43|50212.44|6025.50|0.00|0.00|0.00|0.00|0.00|0.00|0.00|0|77788899000177|
|C170|1|PROD008|CONJUNTO MONTADO H|47.97|UN|49732.82|5102|00|44925.09|12.00|5391.01|0.00|0.00|0.00|0.00|0.00|0.00|
|C170|2|PROD007|PARTE SOBRESSALENTE G|17.80|UN|1671.78|5102|40|0.00|12.00|0.00|0.00|0.00|0.00|0.00|0.00|0.00|
|C170|3|PROD007|PARTE SOBRESSALENTE G|44.39|UN|4536.80|5102|10|4509.42|12.00|541.13|0.00|0.00|0.00|0.00|0.00|0.00|
|C170|4|PROD002|COMPONENTE ELETRICO B|21.56|UN|822.91|5102|00|710.97|12.00|85.32|0.00|0.00|0.00|0.00|0.00|0.00|
|C170|5|PROD006|EMBALAGEM PADRAO F|7.67|UN|74.12|5102|00|66.96|12.00|8.04|0.00|0.00|0.00|0.00|0.00|0.00|
|C100|1|0|98765432000188|55|00|000000379|000|31032024|01042024|43519.41|7404.95|888.59|0.00|0.00|0.00|0.00|0.00|0.00|0.00|0|33366699000100|
|C170|1|PROD002|COMPONENTE ELETRICO B|46.23|UN|3340.87|6102|20|3171.98|12.00|380.64|0.00|0.00|0.00|0.00|0.00|0.00|
|C170|2|PROD002|COMPONENTE ELETRICO B|23.08|UN|766.58|6102|20|722.86|12.00|86.74|0.00|0.00|0.00|0.00|0.00|0.00|
|C170|3|PROD004|PRODUTO ACABADO D|34.06|UN|32928.64|6102|40|0.00|12.00|0.00|0.00|0.00|0.00|0.00|0.00|0.00|
|C170|4|PROD001|PECA MECANICA TIPO A|32.73|UN|3564.84|6102|10|3510.11|12.00|421.21|0.00|0.00|0.00|0.00|0.00|0.00|
|C170|5|PROD001|PECA MECANICA TIPO A|41.09|UN|2918.48|6102|50|0.00|12.00|0.00|0.00|0.00|0.00|0.00|0.00|0.00|
|C100|1|0|98765432000188|55|00|000000380|000|11032024|14032024|476.41|0.00|0.00|0.00|0.00|0.00|0.00|0.00|0.00|0.00|0|22244466000133|
|C170|1|PROD002|COMPONENTE ELETRICO B|6.40|UN|476.41|5101|40|0.00|12.00|0.00|0.00|0.00|0.00|0.00|0.00|0.00|
|C100|1|0|98765432000188|55|00|000000381|000|26032024|29032024|45.11|0.00|0.00|0.00|0.00|0.00|0.00|0.00|0.00|0.00|0|22244466000133|
|C170|1|PROD006|EMBALAGEM PADRAO F|7.39|UN|45.11|5102|50|0.00|12.00|0.00|0.00|0.00|0.00|0.00|0.00|0.00|
|C100|1|0|98765432000188|55|00|000000382|000|20032024|23032024|26238.22|10806.21|1296.75|0.00|0.00|0.00|0.00|0.00|0.00|0.00|0|33366699000100|
|C170|1|PROD008|CONJUNTO MONTADO H|5.88|UN|4166.27|5102|40|0.00|12.00|0.00|0.00|0.00|0.00|0.00|0.00|0.00|
|C170|2|PROD008|CONJUNTO MONTADO H|10.43|UN|9824.84|5102|40|0.00|12.00|0.00|0.00|0.00|0.00|0.00|0.00|0.00|
|C170|3|PROD005|INSUMO INDUSTRIAL E|25.67|UN|715.11|5102|10|680.92|12.00|81.71|0.00|0.00|0.00|0.00|0.00|0.00|
|C170|4|PROD003|MATERIAL BRUTO C|35.06|UN|9501.77|5102|00|8343.48|12.00|1001.22|0.00|0.00|0.00|0.00|0.00|0.00|
|C170|5|PROD002|COMPONENTE ELETRICO B|32.06|UN|2030.23|5102|10|1781.81|12.00|213.82|0.00|0.00|0.00|0.00|0.00|0.00|
|C100|1|0|98765432000188|55|00|000000383|000|06032024|07032024|57732.81|53537.85|6424.54|0.00|0.00|0.00|0.00|0.00|0.00|0.00|0|55512312300010|
|C170|1|PROD007|PARTE SOBRESSALENTE G|2.52|UN|251.87|6101|90|249.37|12.00|29.92|0.00|0.00|0.00|0.00|0.00|0.00|
|C170|2|PROD008|CONJUNTO MONTADO H|44.65|UN|53575.26|6101|10|53288.48|12.00|6394.62|0.00|0.00|0.00|0.00|0.00|0.00|
|C170|3|PROD005|INSUMO INDUSTRIAL E|3.05|UN|99.19|6101|50|0.00|12.00|0.00|0.00|0.00|0.00|0.00|0.00|0.00|
|C170|4|PROD007|PARTE SOBRESSALENTE G|29.36|UN|3806.49|6101|40|0.00|12.00|0.00|0.00|0.00|0.00|0.00|0.00|0.00|
|C100|1|0|98765432000188|55|00|000000384|000|19032024|22032024|1408.98|445.10|53.41|0.00|0.00|0.00|0.00|0.00|0.00|0.00|0|55512312300010|
|C170|1|PROD002|COMPONENTE ELETRICO B|17.93|UN|679.51|6102|40|0.00|12.00|0.00|0.00|0.00|0.00|0.00|0.00|0.00|
|C170|2|PROD006|EMBALAGEM PADRAO F|39.62|UN|246.05|6102|60|0.00|12.00|0.00|0.00|0.00|0.00|0.00|0.00|0.00|
|C170|3|PROD006|EMBALAGEM PADRAO F|43.24|UN|483.42|6102|90|445.10|12.00|53.41|0.00|0.00|0.00|0.00|0.00|0.00|
|C100|1|0|98765432000188|55|00|000000385|000|31032024|31032024|30795.44|26804.12|3216.49|0.00|0.00|0.00|0.00|0.00|0.00|0.00|0|55512312300010|
|C170|1|PROD007|PARTE SOBRESSALENTE G|9.17|UN|1131.52|5101|00|1083.74|12.00|130.05|0.00|0.00|0.00|0.00|0.00|0.00|
|C170|2|PROD002|COMPONENTE ELETRICO B|19.79|UN|1427.92|5101|30|0.00|12.00|0.00|0.00|0.00|0.00|0.00|0.00|0.00|
|C170|3|PROD008|CONJUNTO MONTADO H|26.89|UN|24308.46|5101|10|23758.93|12.00|2851.07|0.00|0.00|0.00|0.00|0.00|0.00|
|C170|4|PROD003|MATERIAL BRUTO C|6.71|UN|2196.72|5101|51|1961.45|12.00|235.37|0.00|0.00|0.00|0.00|0.00|0.00|
|C170|5|PROD002|COMPONENTE ELETRICO B|43.30|UN|1730.82|5101|50|0.00|12.00|0.00|0.00|0.00|0.00|0.00|0.00|0.00|
|C100|1|0|98765432000188|55|00|000000386|000|29032024|29032024|37158.75|30307.14|3636.86|0.00|0.00|0.00|0.00|0.00|0.00|0.00|0|33366699000100|
|C170|1|PROD002|COMPONENTE ELETRICO B|37.08|UN|2162.21|5101|40|0.00|12.00|0.00|0.00|0.00|0.00|0.00|0.00|0.00|
|C170|2|PROD001|PECA MECANICA TIPO A|25.63|UN|2110.37|5101|20|1806.07|12.00|216.73|0.00|0.00|0.00|0.00|0.00|0.00|
|C170|3|PROD004|PRODUTO ACABADO D|23.78|UN|22385.09|5101|00|19094.14|12.00|2291.30|0.00|0.00|0.00|0.00|0.00|0.00|
|C170|4|PROD003|MATERIAL BRUTO C|41.63|UN|10501.08|5101|00|9406.93|12.00|1128.83|0.00|0.00|0.00|0.00|0.00|0.00|
|C100|1|0|98765432000188|55|00|000000387|000|01032024|04032024|3223.14|2308.38|277.01|0.00|0.00|0.00|0.00|0.00|0.00|0.00|0|33366699000100|
|C170|1|PROD006|EMBALAGEM PADRAO F|47.61|UN|548.94|5102|40|0.00|12.00|0.00|0.00|0.00|0.00|0.00|0.00|0.00|
|C170|2|PROD007|PARTE SOBRESSALENTE G|18.12|UN|2674.20|5102|00|2308.38|12.00|277.01|0.00|0.00|0.00|0.00|0.00|0.00|
|C100|1|0|98765432000188|55|00|000000388|000|20032024|22032024|23870.50|10009.65|1201.16|0.00|0.00|0.00|0.00|0.00|0.00|0.00|0|22244466000133|
|C170|1|PROD004|PRODUTO ACABADO D|19.57|UN|13507.19|6102|40|0.00|12.00|0.00|0.00|0.00|0.00|0.00|0.00|0.00|
|C170|2|PROD003|MATERIAL BRUTO C|33.35|UN|10229.19|6102|20|10009.65|12.00|1201.16|0.00|0.00|0.00|0.00|0.00|0.00|
|C170|3|PROD005|INSUMO INDUSTRIAL E|6.88|UN|134.12|6102|30|0.00|12.00|0.00|0.00|0.00|0.00|0.00|0.00|0.00|
|C100|1|0|98765432000188|55|00|000000389|000|01032024|01032024|2562.13|2374.04|284.88|0.00|0.00|0.00|0.00|0.00|0.00|0.00|0|55512312300010|
|C170|1|PROD002|COMPONENTE ELETRICO B|47.10|UN|2562.13|5101|00|2374.04|12.00|284.88|0.00|0.00|0.00|0.00|0.00|0.00|
|C100|1|0|98765432000188|55|00|000000390|000|24032024|24032024|8461.86|7029.46|843.54|0.00|0.00|0.00|0.00|0.00|0.00|0.00|0|22244466000133|
|C170|1|PROD002|COMPONENTE ELETRICO B|16.93|UN|1181.61|5101|40|0.00|12.00|0.00|0.00|0.00|0.00|0.00|0.00|0.00|
|C170|2|PROD007|PARTE SOBRESSALENTE G|27.57|UN|2697.16|5101|20|2608.31|12.00|313.00|0.00|0.00|0.00|0.00|0.00|0.00|
|C170|3|PROD002|COMPONENTE ELETRICO B|45.27|UN|2957.36|5101|00|2955.80|12.00|354.70|0.00|0.00|0.00|0.00|0.00|0.00|
|C170|4|PROD002|COMPONENTE ELETRICO B|36.31|UN|1625.73|5101|00|1465.35|12.00|175.84|0.00|0.00|0.00|0.00|0.00|0.00|
|C100|1|0|98765432000188|55|00|000000391|000|16032024|19032024|48906.81|0.00|0.00|0.00|0.00|0.00|0.00|0.00|0.00|0.00|0|55512312300010|
|C170|1|PROD004|PRODUTO ACABADO D|22.42|UN|11663.57|5403|40|0.00|12.00|0.00|0.00|0.00|0.00|0.00|0.00|0.00|
|C170|2|PROD008|CONJUNTO MONTADO H|2.75|UN|3634.15|5403|40|0.00|12.00|0.00|0.00|0.00|0.00|0.00|0.00|0.00|
|C170|3|PROD008|CONJUNTO MONTADO H|42.77|UN|33609.09|5403|60|0.00|12.00|0.00|0.00|0.00|0.00|0.00|0.00|0.00|
|C100|1|0|98765432000188|55|00|000000392|000|21032024|23032024|12845.57|11531.04|1383.72|0.00|0.00|0.00|0.00|0.00|0.00|0.00|0|77788899000177|
|C170|1|PROD007|PARTE SOBRESSALENTE G|33.57|UN|2914.63|5403|00|2650.02|12.00|318.00|0.00|0.00|0.00|0.00|0.00|0.00|
|C170|2|PROD005|INSUMO INDUSTRIAL E|29.85|UN|992.02|5403|90|976.45|12.00|117.17|0.00|0.00|0.00|0.00|0.00|0.00|
|C170|3|PROD006|EMBALAGEM PADRAO F|5.22|UN|37.82|5403|40|0.00|12.00|0.00|0.00|0.00|0.00|0.00|0.00|0.00|
|C170|4|PROD002|COMPONENTE ELETRICO B|32.03|UN|2152.11|5403|00|1835.38|12.00|220.25|0.00|0.00|0.00|0.00|0.00|0.00|
|C170|5|PROD003|MATERIAL BRUTO C|24.57|UN|6748.99|5403|10|6069.19|12.00|728.30|0.00|0.00|0.00|0.00|0.00|0.00|
|C100|1|0|98765432000188|55|00|000000393|000|04032024|05032024|3962.69|318.94|38.27|0.00|0.00|0.00|0.00|0.00|0.00|0.00|0|77788899000177|
|C170|1|PROD002|COMPONENTE ELETRICO B|13.55|UN|805.95|6102|40|0.00|12.00|0.00|0.00|0.00|0.00|0.00|0.00|0.00|
|C170|2|PROD002|COMPONENTE ELETRICO B|1.81|UN|120.76|6102|40|0.00|12.00|0.00|0.00|0.00|0.00|0.00|0.00|0.00|
|C170|3|PROD001|PECA MECANICA TIPO A|5.29|UN|452.43|6102|40|0.00|12.00|0.00|0.00|0.00|0.00|0.00|0.00|0.00|
|C170|4|PROD006|EMBALAGEM PADRAO F|45.39|UN|321.79|6102|00|318.94|12.00|38.27|0.00|0.00|0.00|0.00|0.00|0.00|
|C170|5|PROD003|MATERIAL BRUTO C|9.67|UN|2261.76|6102|70|0.00|12.00|0.00|0.00|0.00|0.00|0.00|0.00|0.00|
|C100|1|0|98765432000188|55|00|000000394|000|11032024|14032024|39123.25|34595.94|4151.51|0.00|0.00|0.00|0.00|0.00|0.00|0.00|0|33366699000100|
|C170|1|PROD004|PRODUTO ACABADO D|40.69|UN|39123.25|5101|20|34595.94|12.00|4151.51|0.00|0.00|0.00|0.00|0.00|0.00|
|C100|1|0|98765432000188|55|00|000000395|000|22032024|22032024|5440.08|5215.09|625.81|0.00|0.00|0.00|0.00|0.00|0.00|0.00|0|22244466000133|
|C170|1|PROD004|PRODUTO ACABADO D|10.44|UN|5440.08|5101|00|5215.09|12.00|625.81|0.00|0.00|0.00|0.00|0.00|0.00|
|C100|1|0|98765432000188|55|00|000000396|000|16032024|16032024|9532.98|3685.20|442.23|0.00|0.00|0.00|0.00|0.00|0.00|0.00|0|99900011000155|
|C170|1|PROD005|INSUMO INDUSTRIAL E|20.02|UN|650.09|5102|20|583.15|12.00|69.98|0.00|0.00|0.00|0.00|0.00|0.00|
|C170|2|PROD001|PECA MECANICA TIPO A|42.62|UN|4888.06|5102|40|0.00|12.00|0.00|0.00|0.00|0.00|0.00|0.00|0.00|
|C170|3|PROD001|PECA MECANICA TIPO A|35.48|UN|3635.33|5102|20|3102.05|12.00|372.25|0.00|0.00|0.00|0.00|0.00|0.00|
|C170|4|PROD002|COMPONENTE ELETRICO B|6.68|UN|359.50|5102|50|0.00|12.00|0.00|0.00|0.00|0.00|0.00|0.00|0.00|
|C100|1|0|98765432000188|55|00|000000397|000|20032024|22032024|10324.92|4359.60|523.15|0.00|0.00|0.00|0.00|0.00|0.00|0.00|0|55512312300010|
|C170|1|PROD007|PARTE SOBRESSALENTE G|10.16|UN|1281.61|5403|51|1225.12|12.00|147.01|0.00|0.00|0.00|0.00|0.00|0.00|
|C170|2|PROD001|PECA MECANICA TIPO A|49.36|UN|3550.19|5403|20|3134.48|12.00|376.14|0.00|0.00|0.00|0.00|0.00|0.00|
|C170|3|PROD007|PARTE SOBRESSALENTE G|28.54|UN|2825.66|5403|40|0.00|12.00|0.00|0.00|0.00|0.00|0.00|0.00|0.00|
|C170|4|PROD007|PARTE SOBRESSALENTE G|16.77|UN|2667.46|5403|40|0.00|12.00|0.00|0.00|0.00|0.00|0.00|0.00|0.00|
|C100|1|0|98765432000188|55|00|000000398|000|04032024|06032024|1059.11|0.00|0.00|0.00|0.00|0.00|0.00|0.00|0.00|0.00|0|77788899000177|
|C170|1|PROD005|INSUMO INDUSTRIAL E|49.44|UN|867.60|6101|40|0.00|12.00|0.00|0.00|0.00|0.00|0.00|0.00|0.00|
|C170|2|PROD005|INSUMO INDUSTRIAL E|6.88|UN|191.51|6101|40|0.00|12.00|0.00|0.00|0.00|0.00|0.00|0.00|0.00|
|C100|1|0|98765432000188|55|00|000000399|000|14032024|15032024|29689.59|387.26|46.47|0.00|0.00|0.00|0.00|0.00|0.00|0.00|0|99900011000155|
|C170|1|PROD006|EMBALAGEM PADRAO F|46.88|UN|453.31|5401|00|387.26|12.00|46.47|0.00|0.00|0.00|0.00|0.00|0.00|
|C170|2|PROD007|PARTE SOBRESSALENTE G|40.65|UN|5749.41|5401|60|0.00|12.00|0.00|0.00|0.00|0.00|0.00|0.00|0.00|
|C170|3|PROD008|CONJUNTO MONTADO H|29.10|UN|23486.87|5401|41|0.00|12.00|0.00|0.00|0.00|0.00|0.00|0.00|0.00|
|C100|1|0|98765432000188|55|00|000000400|000|25032024|26032024|2484.65|0.00|0.00|0.00|0.00|0.00|0.00|0.00|0.00|0.00|0|99900011000155|
|C170|1|PROD002|COMPONENTE ELETRICO B|41.82|UN|2484.65|5101|40|0.00|12.00|0.00|0.00|0.00|0.00|0.00|0.00|0.00|
|C100|1|0|98765432000188|55|00|000000401|000|25032024|28032024|61698.75|14075.51|1689.06|0.00|0.00|0.00|0.00|0.00|0.00|0.00|0|99900011000155|
|C170|1|PROD006|EMBALAGEM PADRAO F|5.75|UN|63.22|5401|00|58.65|12.00|7.04|0.00|0.00|0.00|0.00|0.00|0.00|
|C170|2|PROD008|CONJUNTO MONTADO H|42.30|UN|38202.71|5401|40|0.00|12.00|0.00|0.00|0.00|0.00|0.00|0.00|0.00|
|C170|3|PROD003|MATERIAL BRUTO C|27.77|UN|9391.81|5401|60|0.00|12.00|0.00|0.00|0.00|0.00|0.00|0.00|0.00|
|C170|4|PROD003|MATERIAL BRUTO C|41.86|UN|14041.01|5401|20|14016.86|12.00|1682.02|0.00|0.00|0.00|0.00|0.00|0.00|
|C100|1|0|98765432000188|55|00|000000402|000|28032024|31032024|36657.76|35313.26|4237.59|0.00|0.00|0.00|0.00|0.00|0.00|0.00|0|22244466000133|
|C170|1|PROD003|MATERIAL BRUTO C|41.93|UN|12325.62|6101|00|12214.22|12.00|1465.71|0.00|0.00|0.00|0.00|0.00|0.00|
|C170|2|PROD004|PRODUTO ACABADO D|25.59|UN|24332.14|6101|00|23099.04|12.00|2771.88|0.00|0.00|0.00|0.00|0.00|0.00|
|C100|1|0|98765432000188|55|00|000000403|000|29032024|01042024|640.14|632.11|75.85|0.00|0.00|0.00|0.00|0.00|0.00|0.00|0|55512312300010|
|C170|1|PROD001|PECA MECANICA TIPO A|12.07|UN|640.14|5403|00|632.11|12.00|75.85|0.00|0.00|0.00|0.00|0.00|0.00|
|C100|1|0|98765432000188|55|00|000000404|000|14032024|14032024|10151.79|0.00|0.00|0.00|0.00|0.00|0.00|0.00|0.00|0.00|0|77788899000177|
|C170|1|PROD003|MATERIAL BRUTO C|24.21|UN|7070.20|5403|30|0.00|12.00|0.00|0.00|0.00|0.00|0.00|0.00|0.00|
|C170|2|PROD007|PARTE SOBRESSALENTE G|32.30|UN|2599.10|5403|41|0.00|12.00|0.00|0.00|0.00|0.00|0.00|0.00|0.00|
|C170|3|PROD003|MATERIAL BRUTO C|2.38|UN|482.49|5403|50|0.00|12.00|0.00|0.00|0.00|0.00|0.00|0.00|0.00|
|C100|1|0|98765432000188|55|00|000000405|000|08032024|08032024|1658.41|0.00|0.00|0.00|0.00|0.00|0.00|0.00|0.00|0.00|0|77788899000177|
|C170|1|PROD006|EMBALAGEM PADRAO F|27.83|UN|142.77|6102|60|0.00|12.00|0.00|0.00|0.00|0.00|0.00|0.00|0.00|
|C170|2|PROD003|MATERIAL BRUTO C|4.91|UN|1515.64|6102|60|0.00|12.00|0.00|0.00|0.00|0.00|0.00|0.00|0.00|
|C100|1|0|98765432000188|55|00|000000406|000|06032024|06032024|95561.31|86033.31|10323.99|0.00|0.00|0.00|0.00|0.00|0.00|0.00|0|99900011000155|
|C170|1|PROD007|PARTE SOBRESSALENTE G|8.22|UN|846.99|5401|40|0.00|12.00|0.00|0.00|0.00|0.00|0.00|0.00|0.00|
|C170|2|PROD008|CONJUNTO MONTADO H|35.82|UN|48912.72|5401|10|42129.75|12.00|5055.57|0.00|0.00|0.00|0.00|0.00|0.00|
|C170|3|PROD005|INSUMO INDUSTRIAL E|36.84|UN|1290.14|5401|60|0.00|12.00|0.00|0.00|0.00|0.00|0.00|0.00|0.00|
|C170|4|PROD004|PRODUTO ACABADO D|21.89|UN|16968.45|5401|00|16723.69|12.00|2006.84|0.00|0.00|0.00|0.00|0.00|0.00|
|C170|5|PROD004|PRODUTO ACABADO D|32.13|UN|27543.01|5401|00|27179.87|12.00|3261.58|0.00|0.00|0.00|0.00|0.00|0.00|
|C100|1|0|98765432000188|55|00|000000407|000|20032024|23032024|28149.34|14219.03|1706.28|0.00|0.00|0.00|0.00|0.00|0.00|0.00|0|33366699000100|
|C170|1|PROD008|CONJUNTO MONTADO H|15.28|UN|15635.07|5401|90|13568.19|12.00|1628.18|0.00|0.00|0.00|0.00|0.00|0.00|
|C170|2|PROD008|CONJUNTO MONTADO H|10.07|UN|11796.26|5401|41|0.00|12.00|0.00|0.00|0.00|0.00|0.00|0.00|0.00|
|C170|3|PROD006|EMBALAGEM PADRAO F|43.42|UN|456.78|5401|00|424.04|12.00|50.88|0.00|0.00|0.00|0.00|0.00|0.00|
|C170|4|PROD005|INSUMO INDUSTRIAL E|7.43|UN|261.23|5401|10|226.80|12.00|27.22|0.00|0.00|0.00|0.00|0.00|0.00|
|C100|1|0|98765432000188|55|00|000000408|000|18032024|21032024|1402.83|0.00|0.00|0.00|0.00|0.00|0.00|0.00|0.00|0.00|0|22244466000133|
|C170|1|PROD002|COMPONENTE ELETRICO B|20.75|UN|1402.83|6101|40|0.00|12.00|0.00|0.00|0.00|0.00|0.00|0.00|0.00|
|C100|1|0|98765432000188|55|00|000000409|000|24032024|25032024|5568.14|4824.04|578.88|0.00|0.00|0.00|0.00|0.00|0.00|0.00|0|22244466000133|
|C170|1|PROD007|PARTE SOBRESSALENTE G|32.07|UN|4351.12|6102|10|3996.04|12.00|479.52|0.00|0.00|0.00|0.00|0.00|0.00|
|C170|2|PROD006|EMBALAGEM PADRAO F|45.35|UN|321.09|6102|30|0.00|12.00|0.00|0.00|0.00|0.00|0.00|0.00|0.00|
|C170|3|PROD006|EMBALAGEM PADRAO F|21.79|UN|237.04|6102|20|225.08|12.00|27.01|0.00|0.00|0.00|0.00|0.00|0.00|
|C170|4|PROD005|INSUMO INDUSTRIAL E|16.67|UN|658.89|6102|20|602.92|12.00|72.35|0.00|0.00|0.00|0.00|0.00|0.00|
|C100|1|0|98765432000188|55|00|000000410|000|23032024|23032024|14411.91|13710.58|1645.27|0.00|0.00|0.00|0.00|0.00|0.00|0.00|0|77788899000177|
|C170|1|PROD003|MATERIAL BRUTO C|33.13|UN|7858.72|5101|20|7667.59|12.00|920.11|0.00|0.00|0.00|0.00|0.00|0.00|
|C170|2|PROD006|EMBALAGEM PADRAO F|11.97|UN|79.87|5101|20|71.27|12.00|8.55|0.00|0.00|0.00|0.00|0.00|0.00|
|C170|3|PROD004|PRODUTO ACABADO D|5.57|UN|4563.51|5101|00|4220.40|12.00|506.45|0.00|0.00|0.00|0.00|0.00|0.00|
|C170|4|PROD002|COMPONENTE ELETRICO B|25.50|UN|1909.81|5101|20|1751.32|12.00|210.16|0.00|0.00|0.00|0.00|0.00|0.00|
|C100|1|0|98765432000188|55|00|000000411|000|29032024|31032024|10490.82|9598.44|1151.81|0.00|0.00|0.00|0.00|0.00|0.00|0.00|0|99900011000155|
|C170|1|PROD001|PECA MECANICA TIPO A|23.54|UN|2623.09|5401|00|2255.87|12.00|270.70|0.00|0.00|0.00|0.00|0.00|0.00|
|C170|2|PROD006|EMBALAGEM PADRAO F|11.68|UN|110.56|5401|30|0.00|12.00|0.00|0.00|0.00|0.00|0.00|0.00|0.00|
|C170|3|PROD003|MATERIAL BRUTO C|22.50|UN|6392.14|5401|00|6036.05|12.00|724.33|0.00|0.00|0.00|0.00|0.00|0.00|
|C170|4|PROD001|PECA MECANICA TIPO A|26.74|UN|1365.03|5401|00|1306.52|12.00|156.78|0.00|0.00|0.00|0.00|0.00|0.00|
|C100|1|0|98765432000188|55|00|000000412|000|19032024|21032024|16459.68|12366.08|1483.93|0.00|0.00|0.00|0.00|0.00|0.00|0.00|0|77788899000177|
|C170|1|PROD004|PRODUTO ACABADO D|11.55|UN|10288.08|5401|00|9668.41|12.00|1160.21|0.00|0.00|0.00|0.00|0.00|0.00|
|C170|2|PROD007|PARTE SOBRESSALENTE G|29.52|UN|2523.33|5401|40|0.00|12.00|0.00|0.00|0.00|0.00|0.00|0.00|0.00|
|C170|3|PROD001|PECA MECANICA TIPO A|30.46|UN|3071.59|5401|20|2697.67|12.00|323.72|0.00|0.00|0.00|0.00|0.00|0.00|
|C170|4|PROD005|INSUMO INDUSTRIAL E|33.45|UN|576.68|5401|40|0.00|12.00|0.00|0.00|0.00|0.00|0.00|0.00|0.00|
|C100|1|0|98765432000188|55|00|000000413|000|25032024|27032024|20468.83|6447.02|773.64|0.00|0.00|0.00|0.00|0.00|0.00|0.00|0|77788899000177|
|C170|1|PROD001|PECA MECANICA TIPO A|27.75|UN|3115.99|5401|30|0.00|12.00|0.00|0.00|0.00|0.00|0.00|0.00|0.00|
|C170|2|PROD007|PARTE SOBRESSALENTE G|20.45|UN|1839.13|5401|40|0.00|12.00|0.00|0.00|0.00|0.00|0.00|0.00|0.00|
|C170|3|PROD003|MATERIAL BRUTO C|37.97|UN|8495.56|5401|40|0.00|12.00|0.00|0.00|0.00|0.00|0.00|0.00|0.00|
|C170|4|PROD007|PARTE SOBRESSALENTE G|31.93|UN|4671.51|5401|10|4150.24|12.00|498.03|0.00|0.00|0.00|0.00|0.00|0.00|
|C170|5|PROD001|PECA MECANICA TIPO A|21.70|UN|2346.64|5401|90|2296.78|12.00|275.61|0.00|0.00|0.00|0.00|0.00|0.00|
|C100|1|0|98765432000188|55|00|000000414|000|09032024|09032024|3318.58|388.72|46.65|0.00|0.00|0.00|0.00|0.00|0.00|0.00|0|99900011000155|
|C170|1|PROD006|EMBALAGEM PADRAO F|38.85|UN|456.44|5403|00|388.72|12.00|46.65|0.00|0.00|0.00|0.00|0.00|0.00|
|C170|2|PROD007|PARTE SOBRESSALENTE G|30.74|UN|2862.14|5403|40|0.00|12.00|0.00|0.00|0.00|0.00|0.00|0.00|0.00|
|C100|1|0|98765432000188|55|00|000000415|000|03032024|04032024|11280.96|10734.26|1288.11|0.00|0.00|0.00|0.00|0.00|0.00|0.00|0|55512312300010|
|C170|1|PROD003|MATERIAL BRUTO C|42.80|UN|11280.96|5102|00|10734.26|12.00|1288.11|0.00|0.00|0.00|0.00|0.00|0.00|
|C100|1|0|98765432000188|55|00|000000416|000|03032024|06032024|18179.51|9139.38|1096.73|0.00|0.00|0.00|0.00|0.00|0.00|0.00|0|99900011000155|
|C170|1|PROD001|PECA MECANICA TIPO A|40.30|UN|2462.92|5101|60|0.00|12.00|0.00|0.00|0.00|0.00|0.00|0.00|0.00|
|C170|2|PROD003|MATERIAL BRUTO C|24.34|UN|5154.73|5101|30|0.00|12.00|0.00|0.00|0.00|0.00|0.00|0.00|0.00|
|C170|3|PROD003|MATERIAL BRUTO C|30.80|UN|10475.21|5101|90|9139.38|12.00|1096.73|0.00|0.00|0.00|0.00|0.00|0.00|
|C170|4|PROD005|INSUMO INDUSTRIAL E|4.86|UN|86.65|5101|40|0.00|12.00|0.00|0.00|0.00|0.00|0.00|0.00|0.00|
|C100|1|0|98765432000188|55|00|000000417|000|02032024|04032024|84160.19|44530.78|5343.69|0.00|0.00|0.00|0.00|0.00|0.00|0.00|0|22244466000133|
|C170|1|PROD008|CONJUNTO MONTADO H|43.53|UN|49793.75|5101|20|44530.78|12.00|5343.69|0.00|0.00|0.00|0.00|0.00|0.00|
|C170|2|PROD004|PRODUTO ACABADO D|46.98|UN|34366.44|5101|40|0.00|12.00|0.00|0.00|0.00|0.00|0.00|0.00|0.00|
|C100|1|0|98765432000188|55|00|000000418|000|09032024|12032024|35278.31|17919.57|2150.35|0.00|0.00|0.00|0.00|0.00|0.00|0.00|0|55512312300010|
|C170|1|PROD003|MATERIAL BRUTO C|47.96|UN|15773.87|5401|70|0.00|12.00|0.00|0.00|0.00|0.00|0.00|0.00|0.00|
|C170|2|PROD001|PECA MECANICA TIPO A|17.67|UN|1609.83|5401|20|1606.85|12.00|192.82|0.00|0.00|0.00|0.00|0.00|0.00|
|C170|3|PROD008|CONJUNTO MONTADO H|15.78|UN|17894.61|5401|10|16312.72|12.00|1957.53|0.00|0.00|0.00|0.00|0.00|0.00|
|C100|1|0|98765432000188|55|00|000000419|000|01032024|02032024|10098.99|9756.57|1170.79|0.00|0.00|0.00|0.00|0.00|0.00|0.00|0|77788899000177|
|C170|1|PROD002|COMPONENTE ELETRICO B|16.08|UN|835.79|5403|00|766.39|12.00|91.97|0.00|0.00|0.00|0.00|0.00|0.00|
|C170|2|PROD004|PRODUTO ACABADO D|15.43|UN|9263.20|5403|00|8990.18|12.00|1078.82|0.00|0.00|0.00|0.00|0.00|0.00|
|C100|1|0|98765432000188|55|00|000000420|000|03032024|03032024|12395.03|1633.79|196.05|0.00|0.00|0.00|0.00|0.00|0.00|0.00|0|55512312300010|
|C170|1|PROD002|COMPONENTE ELETRICO B|20.25|UN|1092.03|5403|20|1060.60|12.00|127.27|0.00|0.00|0.00|0.00|0.00|0.00|
|C170|2|PROD003|MATERIAL BRUTO C|39.21|UN|10663.52|5403|30|0.00|12.00|0.00|0.00|0.00|0.00|0.00|0.00|0.00|
|C170|3|PROD001|PECA MECANICA TIPO A|5.86|UN|639.48|5403|00|573.19|12.00|68.78|0.00|0.00|0.00|0.00|0.00|0.00|
|C100|1|0|98765432000188|55|00|000000421|000|05032024|07032024|34198.86|31505.65|3780.68|0.00|0.00|0.00|0.00|0.00|0.00|0.00|0|33366699000100|
|C170|1|PROD008|CONJUNTO MONTADO H|17.96|UN|12879.30|5401|00|11460.30|12.00|1375.24|0.00|0.00|0.00|0.00|0.00|0.00|
|C170|2|PROD003|MATERIAL BRUTO C|48.21|UN|14956.19|5401|00|13881.00|12.00|1665.72|0.00|0.00|0.00|0.00|0.00|0.00|
|C170|3|PROD005|INSUMO INDUSTRIAL E|2.92|UN|113.96|5401|70|0.00|12.00|0.00|0.00|0.00|0.00|0.00|0.00|0.00|
|C170|4|PROD006|EMBALAGEM PADRAO F|30.33|UN|279.34|5401|00|268.10|12.00|32.17|0.00|0.00|0.00|0.00|0.00|0.00|
|C170|5|PROD003|MATERIAL BRUTO C|18.84|UN|5970.07|5401|00|5896.25|12.00|707.55|0.00|0.00|0.00|0.00|0.00|0.00|
|C100|1|0|98765432000188|55|00|000000422|000|02032024|02032024|21375.07|2353.14|282.38|0.00|0.00|0.00|0.00|0.00|0.00|0.00|0|55512312300010|
|C170|1|PROD006|EMBALAGEM PADRAO F|39.10|UN|463.33|5401|00|429.72|12.00|51.57|0.00|0.00|0.00|0.00|0.00|0.00|
|C170|2|PROD001|PECA MECANICA TIPO A|38.06|UN|3798.11|5401|40|0.00|12.00|0.00|0.00|0.00|0.00|0.00|0.00|0.00|
|C170|3|PROD002|COMPONENTE ELETRICO B|28.48|UN|1756.67|5401|00|1497.70|12.00|179.72|0.00|0.00|0.00|0.00|0.00|0.00|
|C170|4|PROD007|PARTE SOBRESSALENTE G|3.39|UN|434.93|5401|90|425.72|12.00|51.09|0.00|0.00|0.00|0.00|0.00|0.00|
|C170|5|PROD008|CONJUNTO MONTADO H|12.72|UN|14922.03|5401|70|0.00|12.00|0.00|0.00|0.00|0.00|0.00|0.00|0.00|
|C100|1|0|98765432000188|55|00|000000423|000|27032024|30032024|2019.50|0.00|0.00|0.00|0.00|0.00|0.00|0.00|0.00|0.00|0|77788899000177|
|C170|1|PROD005|INSUMO INDUSTRIAL E|22.00|UN|620.73|5102|41|0.00|12.00|0.00|0.00|0.00|0.00|0.00|0.00|0.00|
|C170|2|PROD002|COMPONENTE ELETRICO B|6.45|UN|439.48|5102|60|0.00|12.00|0.00|0.00|0.00|0.00|0.00|0.00|0.00|
|C170|3|PROD007|PARTE SOBRESSALENTE G|9.27|UN|959.29|5102|40|0.00|12.00|0.00|0.00|0.00|0.00|0.00|0.00|0.00|
|C100|1|0|98765432000188|55|00|000000424|000|05032024|06032024|37733.00|33272.10|3992.65|0.00|0.00|0.00|0.00|0.00|0.00|0.00|0|55512312300010|
|C170|1|PROD004|PRODUTO ACABADO D|43.68|UN|37733.00|5101|00|33272.10|12.00|3992.65|0.00|0.00|0.00|0.00|0.00|0.00|
|C100|1|0|98765432000188|55|00|000000425|000|06032024|08032024|21337.23|20319.40|2438.33|0.00|0.00|0.00|0.00|0.00|0.00|0.00|0|99900011000155|
|C170|1|PROD004|PRODUTO ACABADO D|28.95|UN|21337.23|5401|10|20319.40|12.00|2438.33|0.00|0.00|0.00|0.00|0.00|0.00|
|C100|1|0|98765432000188|55|00|000000426|000|14032024|14032024|36804.37|31312.67|3757.52|0.00|0.00|0.00|0.00|0.00|0.00|0.00|0|99900011000155|
|C170|1|PROD007|PARTE SOBRESSALENTE G|12.62|UN|1964.56|5403|40|0.00|12.00|0.00|0.00|0.00|0.00|0.00|0.00|0.00|
|C170|2|PROD001|PECA MECANICA TIPO A|28.68|UN|1933.94|5403|00|1703.68|12.00|204.44|0.00|0.00|0.00|0.00|0.00|0.00|
|C170|3|PROD002|COMPONENTE ELETRICO B|45.38|UN|1978.66|5403|20|1893.14|12.00|227.18|0.00|0.00|0.00|0.00|0.00|0.00|
|C170|4|PROD008|CONJUNTO MONTADO H|27.63|UN|28242.53|5403|00|25324.07|12.00|3038.89|0.00|0.00|0.00|0.00|0.00|0.00|
|C170|5|PROD007|PARTE SOBRESSALENTE G|18.35|UN|2684.68|5403|00|2391.78|12.00|287.01|0.00|0.00|0.00|0.00|0.00|0.00|
|C100|1|0|98765432000188|55|00|000000427|000|19032024|21032024|5887.76|0.00|0.00|0.00|0.00|0.00|0.00|0.00|0.00|0.00|0|55512312300010|
|C170|1|PROD007|PARTE SOBRESSALENTE G|41.80|UN|5185.04|5101|30|0.00|12.00|0.00|0.00|0.00|0.00|0.00|0.00|0.00|
|C170|2|PROD006|EMBALAGEM PADRAO F|30.89|UN|191.80|5101|30|0.00|12.00|0.00|0.00|0.00|0.00|0.00|0.00|0.00|
|C170|3|PROD001|PECA MECANICA TIPO A|7.30|UN|510.92|5101|30|0.00|12.00|0.00|0.00|0.00|0.00|0.00|0.00|0.00|
|C100|1|0|98765432000188|55|00|000000428|000|13032024|14032024|6417.23|992.95|119.15|0.00|0.00|0.00|0.00|0.00|0.00|0.00|0|55512312300010|
|C170|1|PROD005|INSUMO INDUSTRIAL E|26.64|UN|1013.23|5403|00|992.95|12.00|119.15|0.00|0.00|0.00|0.00|0.00|0.00|
|C170|2|PROD001|PECA MECANICA TIPO A|48.07|UN|5404.00|5403|40|0.00|12.00|0.00|0.00|0.00|0.00|0.00|0.00|0.00|
|C100|1|0|98765432000188|55|00|000000429|000|29032024|30032024|3352.24|3211.35|385.36|0.00|0.00|0.00|0.00|0.00|0.00|0.00|0|22244466000133|
|C170|1|PROD002|COMPONENTE ELETRICO B|7.77|UN|300.93|5102|20|276.24|12.00|33.15|0.00|0.00|0.00|0.00|0.00|0.00|
|C170|2|PROD002|COMPONENTE ELETRICO B|43.66|UN|3051.31|5102|10|2935.11|12.00|352.21|0.00|0.00|0.00|0.00|0.00|0.00|
|C100|1|0|98765432000188|55|00|000000430|000|11032024|13032024|8490.08|7633.01|915.97|0.00|0.00|0.00|0.00|0.00|0.00|0.00|0|77788899000177|
|C170|1|PROD003|MATERIAL BRUTO C|24.77|UN|7976.58|5101|00|7195.48|12.00|863.46|0.00|0.00|0.00|0.00|0.00|0.00|
|C170|2|PROD002|COMPONENTE ELETRICO B|1.36|UN|60.29|5101|00|52.06|12.00|6.25|0.00|0.00|0.00|0.00|0.00|0.00|
|C170|3|PROD005|INSUMO INDUSTRIAL E|21.79|UN|453.21|5101|00|385.47|12.00|46.26|0.00|0.00|0.00|0.00|0.00|0.00|
|C100|1|0|98765432000188|55|00|000000431|000|19032024|21032024|14463.50|13550.19|1626.02|0.00|0.00|0.00|0.00|0.00|0.00|0.00|0|22244466000133|
|C170|1|PROD004|PRODUTO ACABADO D|16.77|UN|14463.50|6102|00|13550.19|12.00|1626.02|0.00|0.00|0.00|0.00|0.00|0.00|
|C100|1|0|98765432000188|55|00|000000432|000|09032024|11032024|20089.35|10606.28|1272.75|0.00|0.00|0.00|0.00|0.00|0.00|0.00|0|77788899000177|
|C170|1|PROD007|PARTE SOBRESSALENTE G|16.64|UN|1338.26|5401|40|0.00|12.00|0.00|0.00|0.00|0.00|0.00|0.00|0.00|
|C170|2|PROD003|MATERIAL BRUTO C|35.17|UN|9405.78|5401|10|9136.45|12.00|1096.37|0.00|0.00|0.00|0.00|0.00|0.00|
|C170|3|PROD003|MATERIAL BRUTO C|25.21|UN|7753.64|5401|41|0.00|12.00|0.00|0.00|0.00|0.00|0.00|0.00|0.00|
|C170|4|PROD005|INSUMO INDUSTRIAL E|37.45|UN|1238.13|5401|00|1131.89|12.00|135.83|0.00|0.00|0.00|0.00|0.00|0.00|
|C170|5|PROD005|INSUMO INDUSTRIAL E|9.72|UN|353.54|5401|00|337.94|12.00|40.55|0.00|0.00|0.00|0.00|0.00|0.00|
|C100|1|0|98765432000188|55|00|000000433|000|06032024|06032024|15785.83|15685.59|1882.27|0.00|0.00|0.00|0.00|0.00|0.00|0.00|0|77788899000177|
|C170|1|PROD006|EMBALAGEM PADRAO F|49.45|UN|336.79|5401|51|313.95|12.00|37.67|0.00|0.00|0.00|0.00|0.00|0.00|
|C170|2|PROD004|PRODUTO ACABADO D|24.32|UN|15449.04|5401|00|15371.64|12.00|1844.60|0.00|0.00|0.00|0.00|0.00|0.00|
|C100|1|0|98765432000188|55|00|000000434|000|04032024|06032024|6573.68|5801.83|696.21|0.00|0.00|0.00|0.00|0.00|0.00|0.00|0|22244466000133|
|C170|1|PROD007|PARTE SOBRESSALENTE G|27.93|UN|3861.05|5102|51|3606.03|12.00|432.72|0.00|0.00|0.00|0.00|0.00|0.00|
|C170|2|PROD006|EMBALAGEM PADRAO F|3.31|UN|20.60|5102|40|0.00|12.00|0.00|0.00|0.00|0.00|0.00|0.00|0.00|
|C170|3|PROD006|EMBALAGEM PADRAO F|32.43|UN|356.05|5102|40|0.00|12.00|0.00|0.00|0.00|0.00|0.00|0.00|0.00|
|C170|4|PROD001|PECA MECANICA TIPO A|26.21|UN|1645.01|5102|90|1541.44|12.00|184.97|0.00|0.00|0.00|0.00|0.00|0.00|
|C170|5|PROD007|PARTE SOBRESSALENTE G|7.34|UN|690.97|5102|00|654.36|12.00|78.52|0.00|0.00|0.00|0.00|0.00|0.00|
|C100|1|0|98765432000188|55|00|000000435|000|09032024|10032024|28853.95|25690.15|3082.81|0.00|0.00|0.00|0.00|0.00|0.00|0.00|0|99900011000155|
|C170|1|PROD006|EMBALAGEM PADRAO F|3.43|UN|20.94|5102|51|19.62|12.00|2.35|0.00|0.00|0.00|0.00|0.00|0.00|
|C170|2|PROD004|PRODUTO ACABADO D|29.79|UN|28609.52|5102|00|25670.53|12.00|3080.46|0.00|0.00|0.00|0.00|0.00|0.00|
|C170|3|PROD001|PECA MECANICA TIPO A|2.12|UN|223.49|5102|60|0.00|12.00|0.00|0.00|0.00|0.00|0.00|0.00|0.00|
|C100|1|0|98765432000188|55|00|000000436|000|16032024|17032024|5857.50|4823.13|578.78|0.00|0.00|0.00|0.00|0.00|0.00|0.00|0|77788899000177|
|C170|1|PROD005|LINHA_CORROMPIDA|
|C170|2|PROD007|PARTE SOBRESSALENTE G|37.22|UN|3723.96|5401|00|3406.24|12.00|408.75|0.00|0.00|0.00|0.00|0.00|0.00|
|C170|3|PROD007|PARTE SOBRESSALENTE G|2.66|UN|251.01|5401|00|215.21|12.00|25.83|0.00|0.00|0.00|0.00|0.00|0.00|
|C170|4|PROD008|CONJUNTO MONTADO H|1.22|UN|1405.77|5401|20|1201.68|12.00|144.20|0.00|0.00|0.00|0.00|0.00|0.00|
|C100|1|0|98765432000188|55|00|000000437|000|16032024|16032024|376.62|336.72|40.41|0.00|0.00|0.00|0.00|0.00|0.00|0.00|0|77788899000177|
|C170|1|PROD007|PARTE SOBRESSALENTE G|3.41|UN|376.62|5403|10|336.72|12.00|40.41|0.00|0.00|0.00|0.00|0.00|0.00|
|C100|1|0|98765432000188|55|00|000000438|000|17032024|19032024|25960.59|20335.75|2440.29|0.00|0.00|0.00|0.00|0.00|0.00|0.00|0|55512312300010|
|C170|1|PROD008|CONJUNTO MONTADO H|17.00|UN|23160.97|6101|00|20335.75|12.00|2440.29|0.00|0.00|0.00|0.00|0.00|0.00|
|C170|2|PROD001|PECA MECANICA TIPO A|32.66|UN|2799.62|6101|60|0.00|12.00|0.00|0.00|0.00|0.00|0.00|0.00|0.00|
|C100|1|0|98765432000188|55|00|000000439|000|01032024|04032024|6713.43|2052.21|246.27|0.00|0.00|0.00|0.00|0.00|0.00|0.00|0|55512312300010|
|C170|1|PROD005|INSUMO INDUSTRIAL E|22.66|UN|568.31|6102|40|0.00|12.00|0.00|0.00|0.00|0.00|0.00|0.00|0.00|
|C170|2|PROD008|CONJUNTO MONTADO H|4.06|UN|3995.16|6102|50|0.00|12.00|0.00|0.00|0.00|0.00|0.00|0.00|0.00|
|C170|3|PROD001|PECA MECANICA TIPO A|25.54|UN|2149.96|6102|20|2052.21|12.00|246.27|0.00|0.00|0.00|0.00|0.00|0.00|
|C100|1|0|98765432000188|55|00|000000440|000|22032024|22032024|8643.50|6918.76|830.25|0.00|0.00|0.00|0.00|0.00|0.00|0.00|0|99900011000155|
|C170|1|PROD003|MATERIAL BRUTO C|25.80|UN|7177.06|5101|00|6918.76|12.00|830.25|0.00|0.00|0.00|0.00|0.00|0.00|
|C170|2|PROD005|INSUMO INDUSTRIAL E|35.23|UN|1466.44|5101|70|0.00|12.00|0.00|0.00|0.00|0.00|0.00|0.00|0.00|
|C100|1|0|98765432000188|55|00|000000441|000|18032024|21032024|64564.85|0.00|0.00|0.00|0.00|0.00|0.00|0.00|0.00|0.00|0|22244466000133|
|C170|1|PROD001|PECA MECANICA TIPO A|10.02|UN|1078.27|6102|50|0.00|12.00|0.00|0.00|0.00|0.00|0.00|0.00|0.00|
|C170|2|PROD003|MATERIAL BRUTO C|34.80|UN|11645.42|6102|40|0.00|12.00|0.00|0.00|0.00|0.00|0.00|0.00|0.00|
|C170|3|PROD008|CONJUNTO MONTADO H|46.23|UN|51616.37|6102|60|0.00|12.00|0.00|0.00|0.00|0.00|0.00|0.00|0.00|
|C170|4|PROD006|EMBALAGEM PADRAO F|40.36|UN|224.79|6102|40|0.00|12.00|0.00|0.00|0.00|0.00|0.00|0.00|0.00|
|C100|1|0|98765432000188|55|00|000000442|000|22032024|25032024|4740.44|0.00|0.00|0.00|0.00|0.00|0.00|0.00|0.00|0.00|0|22244466000133|
|C170|1|PROD004|PRODUTO ACABADO D|5.33|UN|4740.44|5101|40|0.00|12.00|0.00|0.00|0.00|0.00|0.00|0.00|0.00|
|C100|1|0|98765432000188|55|00|000000443|000|08032024|10032024|11338.52|890.20|106.82|0.00|0.00|0.00|0.00|0.00|0.00|0.00|0|55512312300010|
|C170|1|PROD004|PRODUTO ACABADO D|18.12|UN|10350.24|5102|40|0.00|12.00|0.00|0.00|0.00|0.00|0.00|0.00|0.00|
|C170|2|PROD002|COMPONENTE ELETRICO B|24.04|UN|988.28|5102|00|890.20|12.00|106.82|0.00|0.00|0.00|0.00|0.00|0.00|
|C100|1|0|98765432000188|55|00|000000444|000|12032024|14032024|62787.45|1815.44|217.85|0.00|0.00|0.00|0.00|0.00|0.00|0.00|0|55512312300010|
|C170|1|PROD006|EMBALAGEM PADRAO F|32.80|UN|317.21|6101|30|0.00|12.00|0.00|0.00|0.00|0.00|0.00|0.00|0.00|
|C170|2|PROD004|PRODUTO ACABADO D|3.77|UN|2082.25|6101|10|1815.44|12.00|217.85|0.00|0.00|0.00|0.00|0.00|0.00|
|C170|3|PROD002|COMPONENTE ELETRICO B|45.18|UN|1643.05|6101|50|0.00|12.00|0.00|0.00|0.00|0.00|0.00|0.00|0.00|
|C170|4|PROD008|CONJUNTO MONTADO H|35.15|UN|43294.77|6101|40|0.00|12.00|0.00|0.00|0.00|0.00|0.00|0.00|0.00|
|C170|5|PROD008|CONJUNTO MONTADO H|17.56|UN|15450.17|6101|40|0.00|12.00|0.00|0.00|0.00|0.00|0.00|0.00|0.00|
|C100|1|0|98765432000188|55|00|000000445|000|20032024|21032024|11514.14|5604.39|672.53|0.00|0.00|0.00|0.00|0.00|0.00|0.00|0|55512312300010|
|C170|1|PROD003|MATERIAL BRUTO C|20.30|UN|5248.07|6102|10|4555.31|12.00|546.64|0.00|0.00|0.00|0.00|0.00|0.00|
|C170|2|PROD005|INSUMO INDUSTRIAL E|11.93|UN|249.18|6102|20|221.67|12.00|26.60|0.00|0.00|0.00|0.00|0.00|0.00|
|C170|3|PROD001|PECA MECANICA TIPO A|49.57|UN|5061.59|6102|40|0.00|12.00|0.00|0.00|0.00|0.00|0.00|0.00|0.00|
|C170|4|PROD002|COMPONENTE ELETRICO B|28.77|UN|955.30|6102|00|827.41|12.00|99.29|0.00|0.00|0.00|0.00|0.00|0.00|
|C100|1|0|98765432000188|55|00|000000446|000|08032024|09032024|30817.81|0.00|0.00|0.00|0.00|0.00|0.00|0.00|0.00|0.00|0|22244466000133|
|C170|1|PROD007|PARTE SOBRESSALENTE G|38.88|UN|6113.10|5102|40|0.00|12.00|0.00|0.00|0.00|0.00|0.00|0.00|0.00|
|C170|2|PROD002|COMPONENTE ELETRICO B|36.97|UN|1272.44|5102|30|0.00|12.00|0.00|0.00|0.00|0.00|0.00|0.00|0.00|
|C170|3|PROD004|PRODUTO ACABADO D|31.64|UN|23432.27|5102|40|0.00|12.00|0.00|0.00|0.00|0.00|0.00|0.00|0.00|
|C100|1|0|98765432000188|55|00|000000447|000|17032024|19032024|28563.77|25996.05|3119.53|0.00|0.00|0.00|0.00|0.00|0.00|0.00|0|22244466000133|
|C170|1|PROD008|CONJUNTO MONTADO H|30.31|UN|28563.77|5401|51|25996.05|12.00|3119.53|0.00|0.00|0.00|0.00|0.00|0.00|
|C100|1|0|98765432000188|55|00|000000448|000|29032024|29032024|4992.67|4641.70|557.00|0.00|0.00|0.00|0.00|0.00|0.00|0.00|0|99900011000155|
|C170|1|PROD003|MATERIAL BRUTO C|13.57|UN|4659.40|6102|00|4641.70|12.00|557.00|0.00|0.00|0.00|0.00|0.00|0.00|
|C170|2|PROD005|INSUMO INDUSTRIAL E|14.90|UN|333.27|6102|30|0.00|12.00|0.00|0.00|0.00|0.00|0.00|0.00|0.00|
|C100|1|0|98765432000188|55|00|000000449|000|29032024|29032024|13478.53|12539.99|1504.80|0.00|0.00|0.00|0.00|0.00|0.00|0.00|0|99900011000155|
|C170|1|PROD004|PRODUTO ACABADO D|16.97|UN|13478.53|5101|00|12539.99|12.00|1504.80|0.00|0.00|0.00|0.00|0.00|0.00|
|C100|1|0|98765432000188|55|00|000000450|000|07032024|08032024|26685.77|9990.51|1198.86|0.00|0.00|0.00|0.00|0.00|0.00|0.00|0|77788899000177|
|C170|1|PROD004|PRODUTO ACABADO D|15.12|UN|13087.78|5101|50|0.00|12.00|0.00|0.00|0.00|0.00|0.00|0.00|0.00|
|C170|2|PROD008|CONJUNTO MONTADO H|12.64|UN|9278.02|5101|10|8355.00|12.00|1002.60|0.00|0.00|0.00|0.00|0.00|0.00|
|C170|3|PROD002|COMPONENTE ELETRICO B|41.12|UN|2515.42|5101|40|0.00|12.00|0.00|0.00|0.00|0.00|0.00|0.00|0.00|
|C170|4|PROD007|PARTE SOBRESSALENTE G|22.10|UN|1804.55|5101|00|1635.51|12.00|196.26|0.00|0.00|0.00|0.00|0.00|0.00|
|C100|1|0|98765432000188|55|00|000000451|000|02032024|02032024|70218.54|24630.68|2955.68|0.00|0.00|0.00|0.00|0.00|0.00|0.00|0|55512312300010|
|C170|1|PROD004|PRODUTO ACABADO D|41.65|UN|21335.92|5403|10|18824.06|12.00|2258.89|0.00|0.00|0.00|0.00|0.00|0.00|
|C170|2|PROD001|PECA MECANICA TIPO A|25.44|UN|2303.68|5403|10|2081.62|12.00|249.79|0.00|0.00|0.00|0.00|0.00|0.00|
|C170|3|PROD007|PARTE SOBRESSALENTE G|27.12|UN|3457.83|5403|00|3128.12|12.00|375.37|0.00|0.00|0.00|0.00|0.00|0.00|
|C170|4|PROD008|CONJUNTO MONTADO H|42.27|UN|42449.22|5403|40|0.00|12.00|0.00|0.00|0.00|0.00|0.00|0.00|0.00|
|C170|5|PROD005|INSUMO INDUSTRIAL E|17.28|UN|671.89|5403|90|596.88|12.00|71.63|0.00|0.00|0.00|0.00|0.00|0.00|
|C100|1|0|98765432000188|55|00|000000452|000|31032024|31032024|5611.24|2483.62|298.03|0.00|0.00|0.00|0.00|0.00|0.00|0.00|0|22244466000133|
|C170|1|PROD005|INSUMO INDUSTRIAL E|46.20|UN|1479.39|5102|40|0.00|12.00|0.00|0.00|0.00|0.00|0.00|0.00|0.00|
|C170|2|PROD005|INSUMO INDUSTRIAL E|19.42|UN|815.21|5102|40|0.00|12.00|0.00|0.00|0.00|0.00|0.00|0.00|0.00|
|C170|3|PROD001|PECA MECANICA TIPO A|12.68|UN|686.03|5102|40|0.00|12.00|0.00|0.00|0.00|0.00|0.00|0.00|0.00|
|C170|4|PROD004|PRODUTO ACABADO D|2.95|UN|2630.61|5102|00|2483.62|12.00|298.03|0.00|0.00|0.00|0.00|0.00|0.00|
|C100|1|0|98765432000188|55|00|000000453|000|04032024|07032024|43684.87|40889.11|4906.69|0.00|0.00|0.00|0.00|0.00|0.00|0.00|0|99900011000155|
|C170|1|PROD002|COMPONENTE ELETRICO B|27.02|UN|980.12|6102|40|0.00|12.00|0.00|0.00|0.00|0.00|0.00|0.00|0.00|
|C170|2|PROD008|CONJUNTO MONTADO H|36.12|UN|41010.65|6102|00|39397.24|12.00|4727.67|0.00|0.00|0.00|0.00|0.00|0.00|
|C170|3|PROD002|COMPONENTE ELETRICO B|23.70|UN|839.63|6102|10|725.70|12.00|87.08|0.00|0.00|0.00|0.00|0.00|0.00|
|C170|4|PROD003|MATERIAL BRUTO C|2.44|UN|854.47|6102|51|766.17|12.00|91.94|0.00|0.00|0.00|0.00|0.00|0.00|
|C100|1|0|98765432000188|55|00|000000454|000|13032024|16032024|5059.60|0.00|0.00|0.00|0.00|0.00|0.00|0.00|0.00|0.00|0|33366699000100|
|C170|1|PROD001|PECA MECANICA TIPO A|43.62|UN|5059.60|5403|50|0.00|12.00|0.00|0.00|0.00|0.00|0.00|0.00|0.00|
|C100|1|0|98765432000188|55|00|000000455|000|20032024|23032024|36271.34|1340.21|160.83|0.00|0.00|0.00|0.00|0.00|0.00|0.00|0|33366699000100|
|C170|1|PROD004|PRODUTO ACABADO D|43.85|UN|33398.24|5403|41|0.00|12.00|0.00|0.00|0.00|0.00|0.00|0.00|0.00|
|C170|2|PROD002|COMPONENTE ELETRICO B|22.58|UN|1502.83|5403|41|0.00|12.00|0.00|0.00|0.00|0.00|0.00|0.00|0.00|
|C170|3|PROD003|MATERIAL BRUTO C|5.30|UN|1370.27|5403|00|1340.21|12.00|160.83|0.00|0.00|0.00|0.00|0.00|0.00|
|C100|1|0|98765432000188|55|00|000000456|000|01032024|01032024|33355.87|7820.70|938.49|0.00|0.00|0.00|0.00|0.00|0.00|0.00|0|99900011000155|
|C170|1|PROD001|PECA MECANICA TIPO A|17.40|UN|2004.01|6102|10|1960.73|12.00|235.29|0.00|0.00|0.00|0.00|0.00|0.00|
|C170|2|PROD008|CONJUNTO MONTADO H|21.72|UN|25069.38|6102|60|0.00|12.00|0.00|0.00|0.00|0.00|0.00|0.00|0.00|
|C170|3|PROD008|CONJUNTO MONTADO H|8.09|UN|6282.48|6102|10|5859.97|12.00|703.20|0.00|0.00|0.00|0.00|0.00|0.00|
|C100|1|0|98765432000188|55|00|000000457|000|15032024|16032024|17802.25|17005.34|2040.64|0.00|0.00|0.00|0.00|0.00|0.00|0.00|0|99900011000155|
|C170|1|PROD004|PRODUTO ACABADO D|20.78|UN|17802.25|6101|20|17005.34|12.00|2040.64|0.00|0.00|0.00|0.00|0.00|0.00|
|C100|1|0|98765432000188|55|00|000000458|000|21032024|23032024|16453.57|0.00|0.00|0.00|0.00|0.00|0.00|0.00|0.00|0.00|0|33366699000100|
|C170|1|PROD008|CONJUNTO MONTADO H|12.79|UN|16453.57|5102|41|0.00|12.00|0.00|0.00|0.00|0.00|0.00|0.00|0.00|
|C100|1|0|98765432000188|55|00|000000459|000|19032024|22032024|16101.70|15014.64|1801.75|0.00|0.00|0.00|0.00|0.00|0.00|0.00|0|22244466000133|
|C170|1|PROD008|CONJUNTO MONTADO H|7.42|UN|7106.52|5101|00|6544.54|12.00|785.34|0.00|0.00|0.00|0.00|0.00|0.00|
|C170|2|PROD003|MATERIAL BRUTO C|27.98|UN|7424.46|5101|10|7063.19|12.00|847.58|0.00|0.00|0.00|0.00|0.00|0.00|
|C170|3|PROD005|INSUMO INDUSTRIAL E|31.57|UN|1100.00|5101|00|951.98|12.00|114.24|0.00|0.00|0.00|0.00|0.00|0.00|
|C170|4|PROD001|PECA MECANICA TIPO A|7.81|UN|470.72|5101|00|454.93|12.00|54.59|0.00|0.00|0.00|0.00|0.00|0.00|
|C100|1|0|98765432000188|55|00|000000460|000|06032024|07032024|30118.84|27618.09|3314.17|0.00|0.00|0.00|0.00|0.00|0.00|0.00|0|22244466000133|
|C170|1|PROD003|MATERIAL BRUTO C|1.06|UN|285.32|6101|40|0.00|12.00|0.00|0.00|0.00|0.00|0.00|0.00|0.00|
|C170|2|PROD008|CONJUNTO MONTADO H|22.92|UN|29833.52|6101|10|27618.09|12.00|3314.17|0.00|0.00|0.00|0.00|0.00|0.00|
|C100|1|0|98765432000188|55|00|000000461|000|05032024|08032024|19029.88|3812.57|457.51|0.00|0.00|0.00|0.00|0.00|0.00|0.00|0|77788899000177|
|C170|1|PROD003|MATERIAL BRUTO C|46.95|UN|15200.53|5101|60|0.00|12.00|0.00|0.00|0.00|0.00|0.00|0.00|0.00|
|C170|2|PROD007|PARTE SOBRESSALENTE G|44.23|UN|3829.35|5101|90|3812.57|12.00|457.51|0.00|0.00|0.00|0.00|0.00|0.00|
|C100|1|0|98765432000188|55|00|000000462|000|05032024|06032024|10663.22|10195.42|1223.45|0.00|0.00|0.00|0.00|0.00|0.00|0.00|0|99900011000155|
|C170|1|PROD006|EMBALAGEM PADRAO F|3.52|UN|25.63|5102|60|0.00|12.00|0.00|0.00|0.00|0.00|0.00|0.00|0.00|
|C170|2|PROD008|CONJUNTO MONTADO H|11.91|UN|10637.59|5102|90|10195.42|12.00|1223.45|0.00|0.00|0.00|0.00|0.00|0.00|
|C100|1|0|98765432000188|55|00|000000463|000|24032024|26032024|84410.59|26940.40|3232.85|0.00|0.00|0.00|0.00|0.00|0.00|0.00|0|22244466000133|
|C170|1|PROD001|PECA MECANICA TIPO A|11.78|UN|682.53|5101|00|621.47|12.00|74.58|0.00|0.00|0.00|0.00|0.00|0.00|
|C170|2|PROD008|CONJUNTO MONTADO H|35.16|UN|30021.97|5101|51|26318.93|12.00|3158.27|0.00|0.00|0.00|0.00|0.00|0.00|
|C170|3|PROD008|CONJUNTO MONTADO H|42.18|UN|51326.78|5101|60|0.00|12.00|0.00|0.00|0.00|0.00|0.00|0.00|0.00|
|C170|4|PROD007|PARTE SOBRESSALENTE G|17.64|UN|2379.31|5101|41|0.00|12.00|0.00|0.00|0.00|0.00|0.00|0.00|0.00|
|C100|1|0|98765432000188|55|00|000000464|000|18032024|19032024|19234.36|15276.08|1833.14|0.00|0.00|0.00|0.00|0.00|0.00|0.00|0|33366699000100|
|C170|1|PROD003|MATERIAL BRUTO C|43.65|UN|12574.10|5102|00|12482.13|12.00|1497.86|0.00|0.00|0.00|0.00|0.00|0.00|
|C170|2|PROD002|COMPONENTE ELETRICO B|23.87|UN|799.06|5102|10|757.05|12.00|90.85|0.00|0.00|0.00|0.00|0.00|0.00|
|C170|3|PROD003|MATERIAL BRUTO C|11.25|UN|2330.16|5102|90|2036.90|12.00|244.43|0.00|0.00|0.00|0.00|0.00|0.00|
|C170|4|PROD007|PARTE SOBRESSALENTE G|22.27|UN|3531.04|5102|40|0.00|12.00|0.00|0.00|0.00|0.00|0.00|0.00|0.00|
|C100|1|0|98765432000188|55|00|000000465|000|02032024|05032024|752.50|0.00|0.00|0.00|0.00|0.00|0.00|0.00|0.00|0.00|0|99900011000155|
|C170|1|PROD005|INSUMO INDUSTRIAL E|43.60|UN|752.50|5101|40|0.00|12.00|0.00|0.00|0.00|0.00|0.00|0.00|0.00|
|C100|1|0|98765432000188|55|00|000000466|000|11032024|14032024|58237.68|50409.16|6049.10|0.00|0.00|0.00|0.00|0.00|0.00|0.00|0|33366699000100|
|C170|1|PROD008|CONJUNTO MONTADO H|47.45|UN|58237.68|5401|00|50409.16|12.00|6049.10|0.00|0.00|0.00|0.00|0.00|0.00|
|C100|1|0|98765432000188|55|00|000000467|000|07032024|08032024|607.32|598.35|71.80|0.00|0.00|0.00|0.00|0.00|0.00|0.00|0|99900011000155|
|C170|1|PROD007|PARTE SOBRESSALENTE G|4.82|UN|607.32|5401|00|598.35|12.00|71.80|0.00|0.00|0.00|0.00|0.00|0.00|
|C100|1|0|98765432000188|55|00|000000468|000|23032024|25032024|84271.23|75080.17|9009.62|0.00|0.00|0.00|0.00|0.00|0.00|0.00|0|33366699000100|
|C170|1|PROD008|CONJUNTO MONTADO H|46.47|UN|57094.14|6102|10|51474.56|12.00|6176.95|0.00|0.00|0.00|0.00|0.00|0.00|
|C170|2|PROD008|CONJUNTO MONTADO H|21.14|UN|27126.40|6102|00|23557.28|12.00|2826.87|0.00|0.00|0.00|0.00|0.00|0.00|
|C170|3|PROD006|EMBALAGEM PADRAO F|7.68|UN|50.69|6102|90|48.33|12.00|5.80|0.00|0.00|0.00|0.00|0.00|0.00|
|C100|1|0|98765432000188|55|00|000000469|000|23032024|25032024|17410.10|16582.94|1989.95|0.00|0.00|0.00|0.00|0.00|0.00|0.00|0|22244466000133|
|C170|1|PROD003|MATERIAL BRUTO C|47.27|UN|10931.17|5101|00|10824.56|12.00|1298.95|0.00|0.00|0.00|0.00|0.00|0.00|
|C170|2|PROD003|MATERIAL BRUTO C|10.06|UN|3488.15|5101|00|3471.36|12.00|416.56|0.00|0.00|0.00|0.00|0.00|0.00|
|C170|3|PROD007|PARTE SOBRESSALENTE G|23.05|UN|2586.54|5101|10|2287.02|12.00|274.44|0.00|0.00|0.00|0.00|0.00|0.00|
|C170|4|PROD005|INSUMO INDUSTRIAL E|11.64|UN|404.24|5101|40|0.00|12.00|0.00|0.00|0.00|0.00|0.00|0.00|0.00|
|C100|1|0|98765432000188|55|00|000000470|000|30032024|30032024|5308.32|3181.63|381.79|0.00|0.00|0.00|0.00|0.00|0.00|0.00|0|33366699000100|
|C170|1|PROD005|INSUMO INDUSTRIAL E|7.54|UN|314.38|6101|00|302.68|12.00|36.32|0.00|0.00|0.00|0.00|0.00|0.00|
|C170|2|PROD006|EMBALAGEM PADRAO F|1.43|UN|15.05|6101|40|0.00|12.00|0.00|0.00|0.00|0.00|0.00|0.00|0.00|
|C170|3|PROD002|COMPONENTE ELETRICO B|34.40|UN|1433.75|6101|00|1393.28|12.00|167.19|0.00|0.00|0.00|0.00|0.00|0.00|
|C170|4|PROD001|PECA MECANICA TIPO A|22.02|UN|1496.63|6101|00|1485.67|12.00|178.28|0.00|0.00|0.00|0.00|0.00|0.00|
|C170|5|PROD001|PECA MECANICA TIPO A|35.22|UN|2048.51|6101|41|0.00|12.00|0.00|0.00|0.00|0.00|0.00|0.00|0.00|
|C100|1|0|98765432000188|55|00|000000471|000|30032024|31032024|1799.80|0.00|0.00|0.00|0.00|0.00|0.00|0.00|0.00|0.00|0|22244466000133|
|C170|1|PROD001|PECA MECANICA TIPO A|31.02|UN|1799.80|5101|70|0.00|12.00|0.00|0.00|0.00|0.00|0.00|0.00|0.00|
|C100|1|0|98765432000188|55|00|000000472|000|13032024|13032024|33216.44|27517.46|3302.10|0.00|0.00|0.00|0.00|0.00|0.00|0.00|0|33366699000100|
|C170|1|PROD002|COMPONENTE ELETRICO B|17.68|UN|906.81|5101|20|881.07|12.00|105.73|0.00|0.00|0.00|0.00|0.00|0.00|
|C170|2|PROD008|CONJUNTO MONTADO H|35.79|UN|27283.57|5101|00|26636.39|12.00|3196.37|0.00|0.00|0.00|0.00|0.00|0.00|
|C170|3|PROD003|MATERIAL BRUTO C|18.56|UN|5026.06|5101|40|0.00|12.00|0.00|0.00|0.00|0.00|0.00|0.00|0.00|
|C100|1|0|98765432000188|55|00|000000473|000|15032024|16032024|3297.86|3288.47|394.62|0.00|0.00|0.00|0.00|0.00|0.00|0.00|0|77788899000177|
|C170|1|PROD006|EMBALAGEM PADRAO F|17.69|UN|114.96|6101|10|106.83|12.00|12.82|0.00|0.00|0.00|0.00|0.00|0.00|
|C170|2|PROD001|PECA MECANICA TIPO A|27.68|UN|3182.90|6101|20|3181.64|12.00|381.80|0.00|0.00|0.00|0.00|0.00|0.00|
|C100|1|0|98765432000188|55|00|000000474|000|27032024|30032024|53344.17|2599.11|311.89|0.00|0.00|0.00|0.00|0.00|0.00|0.00|0|99900011000155|
|C170|1|PROD004|PRODUTO ACABADO D|48.17|UN|46162.77|5401|40|0.00|12.00|0.00|0.00|0.00|0.00|0.00|0.00|0.00|
|C170|2|PROD004|PRODUTO ACABADO D|5.90|UN|4150.65|5401|41|0.00|12.00|0.00|0.00|0.00|0.00|0.00|0.00|0.00|
|C170|3|PROD003|MATERIAL BRUTO C|9.14|UN|2728.55|5401|00|2599.11|12.00|311.89|0.00|0.00|0.00|0.00|0.00|0.00|
|C170|4|PROD005|INSUMO INDUSTRIAL E|13.70|UN|302.20|5401|40|0.00|12.00|0.00|0.00|0.00|0.00|0.00|0.00|0.00|
|C100|1|0|98765432000188|55|00|000000475|000|31032024|31032024|148.99|0.00|0.00|0.00|0.00|0.00|0.00|0.00|0.00|0.00|0|55512312300010|
|C170|1|PROD006|EMBALAGEM PADRAO F|14.00|UN|148.99|5403|30|0.00|12.00|0.00|0.00|0.00|0.00|0.00|0.00|0.00|
|C100|1|0|98765432000188|55|00|000000476|000|18032024|19032024|2377.95|0.00|0.00|0.00|0.00|0.00|0.00|0.00|0.00|0.00|0|55512312300010|
|C170|1|PROD002|COMPONENTE ELETRICO B|34.27|UN|2223.91|5102|41|0.00|12.00|0.00|0.00|0.00|0.00|0.00|0.00|0.00|
|C170|2|PROD006|EMBALAGEM PADRAO F|14.64|UN|154.04|5102|40|0.00|12.00|0.00|0.00|0.00|0.00|0.00|0.00|0.00|
|C100|1|0|98765432000188|55|00|000000477|000|18032024|20032024|12955.16|11300.24|1356.03|0.00|0.00|0.00|0.00|0.00|0.00|0.00|0|33366699000100|
|C170|1|PROD007|PARTE SOBRESSALENTE G|43.73|UN|4584.22|6101|90|3951.86|12.00|474.22|0.00|0.00|0.00|0.00|0.00|0.00|
|C170|2|PROD004|PRODUTO ACABADO D|13.86|UN|7716.00|6101|10|6721.15|12.00|806.54|0.00|0.00|0.00|0.00|0.00|0.00|
|C170|3|PROD005|INSUMO INDUSTRIAL E|37.40|UN|654.94|6101|00|627.23|12.00|75.27|0.00|0.00|0.00|0.00|0.00|0.00|
|C100|1|0|98765432000188|55|00|000000478|000|03032024|04032024|27237.22|16046.49|1925.58|0.00|0.00|0.00|0.00|0.00|0.00|0.00|0|22244466000133|
|C170|1|PROD001|PECA MECANICA TIPO A|33.49|UN|1944.94|5102|41|0.00|12.00|0.00|0.00|0.00|0.00|0.00|0.00|0.00|
|C170|2|PROD002|COMPONENTE ELETRICO B|11.37|UN|716.80|5102|10|648.73|12.00|77.85|0.00|0.00|0.00|0.00|0.00|0.00|
|C170|3|PROD005|INSUMO INDUSTRIAL E|46.27|UN|1490.29|5102|00|1341.65|12.00|161.00|0.00|0.00|0.00|0.00|0.00|0.00|
|C170|4|PROD004|PRODUTO ACABADO D|28.98|UN|16047.28|5102|00|14056.11|12.00|1686.73|0.00|0.00|0.00|0.00|0.00|0.00|
|C170|5|PROD007|PARTE SOBRESSALENTE G|48.23|UN|7037.91|5102|41|0.00|12.00|0.00|0.00|0.00|0.00|0.00|0.00|0.00|
|C100|1|0|98765432000188|55|00|000000479|000|21032024|22032024|43332.68|12558.03|1506.96|0.00|0.00|0.00|0.00|0.00|0.00|0.00|0|22244466000133|
|C170|1|PROD008|CONJUNTO MONTADO H|11.48|UN|11252.06|5101|10|9650.11|12.00|1158.01|0.00|0.00|0.00|0.00|0.00|0.00|
|C170|2|PROD004|PRODUTO ACABADO D|24.46|UN|23606.52|5101|70|0.00|12.00|0.00|0.00|0.00|0.00|0.00|0.00|0.00|
|C170|3|PROD001|PECA MECANICA TIPO A|28.59|UN|3064.53|5101|00|2907.92|12.00|348.95|0.00|0.00|0.00|0.00|0.00|0.00|
|C170|4|PROD007|PARTE SOBRESSALENTE G|32.39|UN|5057.39|5101|30|0.00|12.00|0.00|0.00|0.00|0.00|0.00|0.00|0.00|
|C170|5|PROD005|INSUMO INDUSTRIAL E|8.75|UN|352.18|5101|40|0.00|12.00|0.00|0.00|0.00|0.00|0.00|0.00|0.00|
|C100|1|0|98765432000188|55|00|000000480|000|17032024|18032024|4456.14|3471.02|416.52|0.00|0.00|0.00|0.00|0.00|0.00|0.00|0|55512312300010|
|C170|1|PROD001|PECA MECANICA TIPO A|27.08|UN|3134.39|6102|10|2835.01|12.00|340.20|0.00|0.00|0.00|0.00|0.00|0.00|
|C170|2|PROD002|COMPONENTE ELETRICO B|20.17|UN|736.98|6102|00|636.01|12.00|76.32|0.00|0.00|0.00|0.00|0.00|0.00|
|C170|3|PROD005|INSUMO INDUSTRIAL E|21.31|UN|584.77|6102|30|0.00|12.00|0.00|0.00|0.00|0.00|0.00|0.00|0.00|
|C100|1|0|98765432000188|55|00|000000481|000|25032024|28032024|40482.67|0.00|0.00|0.00|0.00|0.00|0.00|0.00|0.00|0.00|0|22244466000133|
|C170|1|PROD004|PRODUTO ACABADO D|46.98|UN|40482.67|5102|60|0.00|12.00|0.00|0.00|0.00|0.00|0.00|0.00|0.00|
|C100|1|0|98765432000188|55|00|000000482|000|29032024|30032024|9486.95|4563.55|547.63|0.00|0.00|0.00|0.00|0.00|0.00|0.00|0|22244466000133|
|C170|1|PROD007|PARTE SOBRESSALENTE G|47.96|UN|5007.02|5401|51|4563.55|12.00|547.63|0.00|0.00|0.00|0.00|0.00|0.00|
|C170|2|PROD007|PARTE SOBRESSALENTE G|41.45|UN|4479.93|5401|40|0.00|12.00|0.00|0.00|0.00|0.00|0.00|0.00|0.00|
|C100|1|0|98765432000188|55|00|000000483|000|19032024|22032024|1379.83|1201.63|144.20|0.00|0.00|0.00|0.00|0.00|0.00|0.00|0|33366699000100|
|C170|1|PROD006|EMBALAGEM PADRAO F|13.72|UN|140.63|5401|00|125.05|12.00|15.01|0.00|0.00|0.00|0.00|0.00|0.00|
|C170|2|PROD001|PECA MECANICA TIPO A|16.89|UN|1239.20|5401|00|1076.58|12.00|129.19|0.00|0.00|0.00|0.00|0.00|0.00|
|C100|1|0|98765432000188|55|00|000000484|000|05032024|05032024|2741.06|644.57|77.35|0.00|0.00|0.00|0.00|0.00|0.00|0.00|0|77788899000177|
|C170|1|PROD006|EMBALAGEM PADRAO F|3.63|UN|27.26|6101|40|0.00|12.00|0.00|0.00|0.00|0.00|0.00|0.00|0.00|
|C170|2|PROD005|INSUMO INDUSTRIAL E|3.74|UN|114.07|6101|40|0.00|12.00|0.00|0.00|0.00|0.00|0.00|0.00|0.00|
|C170|3|PROD005|INSUMO INDUSTRIAL E|12.48|UN|522.99|6101|40|0.00|12.00|0.00|0.00|0.00|0.00|0.00|0.00|0.00|
|C170|4|PROD002|COMPONENTE ELETRICO B|33.03|UN|1327.56|6101|40|0.00|12.00|0.00|0.00|0.00|0.00|0.00|0.00|0.00|
|C170|5|PROD002|COMPONENTE ELETRICO B|9.08|UN|749.18|6101|10|644.57|12.00|77.35|0.00|0.00|0.00|0.00|0.00|0.00|
|C100|1|0|98765432000188|55|00|000000485|000|14032024|17032024|20953.81|19736.93|2368.43|0.00|0.00|0.00|0.00|0.00|0.00|0.00|0|22244466000133|
|C170|1|PROD001|PECA MECANICA TIPO A|26.99|UN|2666.20|6101|00|2332.11|12.00|279.85|0.00|0.00|0.00|0.00|0.00|0.00|
|C170|2|PROD007|PARTE SOBRESSALENTE G|35.67|UN|4132.74|6101|00|4089.52|12.00|490.74|0.00|0.00|0.00|0.00|0.00|0.00|
|C170|3|PROD007|PARTE SOBRESSALENTE G|33.65|UN|4302.19|6101|90|3967.17|12.00|476.06|0.00|0.00|0.00|0.00|0.00|0.00|
|C170|4|PROD004|PRODUTO ACABADO D|11.85|UN|9852.68|6101|00|9348.13|12.00|1121.78|0.00|0.00|0.00|0.00|0.00|0.00|
|C100|1|0|98765432000188|55|00|000000486|000|12032024|14032024|51.61|45.33|5.44|0.00|0.00|0.00|0.00|0.00|0.00|0.00|0|77788899000177|
|C170|1|PROD006|EMBALAGEM PADRAO F|7.92|UN|51.61|6101|10|45.33|12.00|5.44|0.00|0.00|0.00|0.00|0.00|0.00|
|C100|1|0|98765432000188|55|00|000000487|000|06032024|08032024|2980.57|2557.90|306.95|0.00|0.00|0.00|0.00|0.00|0.00|0.00|0|55512312300010|
|C170|1|PROD006|EMBALAGEM PADRAO F|20.05|UN|181.88|5102|20|166.23|12.00|19.95|0.00|0.00|0.00|0.00|0.00|0.00|
|C170|2|PROD002|COMPONENTE ELETRICO B|32.10|UN|2579.48|5102|00|2201.41|12.00|264.17|0.00|0.00|0.00|0.00|0.00|0.00|
|C170|3|PROD006|EMBALAGEM PADRAO F|31.86|UN|219.21|5102|00|190.26|12.00|22.83|0.00|0.00|0.00|0.00|0.00|0.00|
|C100|1|0|98765432000188|55|00|000000488|000|24032024|26032024|72242.65|10778.87|1293.46|0.00|0.00|0.00|0.00|0.00|0.00|0.00|0|99900011000155|
|C170|1|PROD002|COMPONENTE ELETRICO B|12.13|UN|431.15|5401|50|0.00|12.00|0.00|0.00|0.00|0.00|0.00|0.00|0.00|
|C170|2|PROD008|CONJUNTO MONTADO H|46.92|UN|57053.14|5401|60|0.00|12.00|0.00|0.00|0.00|0.00|0.00|0.00|0.00|
|C170|3|PROD003|MATERIAL BRUTO C|39.14|UN|11067.29|5401|10|10778.87|12.00|1293.46|0.00|0.00|0.00|0.00|0.00|0.00|
|C170|4|PROD003|MATERIAL BRUTO C|16.54|UN|3691.07|5401|50|0.00|12.00|0.00|0.00|0.00|0.00|0.00|0.00|0.00|
|C100|1|0|98765432000188|55|00|000000489|000|10032024|12032024|8336.28|7374.21|884.91|0.00|0.00|0.00|0.00|0.00|0.00|0.00|0|99900011000155|
|C170|1|PROD008|CONJUNTO MONTADO H|3.63|UN|2949.04|5101|90|2729.14|12.00|327.50|0.00|0.00|0.00|0.00|0.00|0.00|
|C170|2|PROD007|PARTE SOBRESSALENTE G|39.30|UN|4957.41|5101|90|4645.07|12.00|557.41|0.00|0.00|0.00|0.00|0.00|0.00|
|C170|3|PROD006|EMBALAGEM PADRAO F|39.87|UN|429.83|5101|40|0.00|12.00|0.00|0.00|0.00|0.00|0.00|0.00|0.00|
|C100|1|0|98765432000188|55|00|000000490|000|24032024|27032024|18958.71|16901.61|2028.20|0.00|0.00|0.00|0.00|0.00|0.00|0.00|0|99900011000155|
|C170|1|PROD005|INSUMO INDUSTRIAL E|38.67|UN|1506.62|5403|00|1358.48|12.00|163.02|0.00|0.00|0.00|0.00|0.00|0.00|
|C170|2|PROD001|PECA MECANICA TIPO A|47.80|UN|4846.72|5403|00|4246.71|12.00|509.61|0.00|0.00|0.00|0.00|0.00|0.00|
|C170|3|PROD001|PECA MECANICA TIPO A|11.35|UN|1359.19|5403|00|1207.22|12.00|144.87|0.00|0.00|0.00|0.00|0.00|0.00|
|C170|4|PROD006|EMBALAGEM PADRAO F|47.38|UN|268.63|5403|50|0.00|12.00|0.00|0.00|0.00|0.00|0.00|0.00|0.00|
|C170|5|PROD003|MATERIAL BRUTO C|46.71|UN|10977.55|5403|20|10089.20|12.00|1210.70|0.00|0.00|0.00|0.00|0.00|0.00|
|C100|1|0|98765432000188|55|00|000000491|000|16032024|18032024|65818.11|0.00|0.00|0.00|0.00|0.00|0.00|0.00|0.00|0.00|0|77788899000177|
|C170|1|PROD008|CONJUNTO MONTADO H|48.98|UN|64679.37|6102|40|0.00|12.00|0.00|0.00|0.00|0.00|0.00|0.00|0.00|
|C170|2|PROD001|PECA MECANICA TIPO A|18.13|UN|1138.74|6102|40|0.00|12.00|0.00|0.00|0.00|0.00|0.00|0.00|0.00|
|C100|1|0|98765432000188|55|00|000000492|000|29032024|01042024|10460.74|1460.62|175.27|0.00|0.00|0.00|0.00|0.00|0.00|0.00|0|55512312300010|
|C170|1|PROD008|CONJUNTO MONTADO H|5.08|UN|6869.49|6101|30|0.00|12.00|0.00|0.00|0.00|0.00|0.00|0.00|0.00|
|C170|2|PROD005|INSUMO INDUSTRIAL E|29.70|UN|1198.06|6101|41|0.00|12.00|0.00|0.00|0.00|0.00|0.00|0.00|0.00|
|C170|3|PROD004|PRODUTO ACABADO D|2.21|UN|1486.93|6101|00|1460.62|12.00|175.27|0.00|0.00|0.00|0.00|0.00|0.00|
|C170|4|PROD006|EMBALAGEM PADRAO F|15.50|UN|159.65|6101|30|0.00|12.00|0.00|0.00|0.00|0.00|0.00|0.00|0.00|
|C170|5|PROD005|INSUMO INDUSTRIAL E|32.02|UN|746.61|6101|41|0.00|12.00|0.00|0.00|0.00|0.00|0.00|0.00|0.00|
|C100|1|0|98765432000188|55|00|000000493|000|31032024|31032024|489.38|0.00|0.00|0.00|0.00|0.00|0.00|0.00|0.00|0.00|0|22244466000133|
|C170|1|PROD006|EMBALAGEM PADRAO F|43.12|UN|489.38|5401|30|0.00|12.00|0.00|0.00|0.00|0.00|0.00|0.00|0.00|
|C100|1|0|98765432000188|55|00|000000494|000|27032024|29032024|9557.04|0.00|0.00|0.00|0.00|0.00|0.00|0.00|0.00|0.00|0|22244466000133|
|C170|1|PROD006|EMBALAGEM PADRAO F|8.87|UN|81.06|5101|70|0.00|12.00|0.00|0.00|0.00|0.00|0.00|0.00|0.00|
|C170|2|PROD004|PRODUTO ACABADO D|10.78|UN|8657.16|5101|40|0.00|12.00|0.00|0.00|0.00|0.00|0.00|0.00|0.00|
|C170|3|PROD005|INSUMO INDUSTRIAL E|31.80|UN|818.82|5101|30|0.00|12.00|0.00|0.00|0.00|0.00|0.00|0.00|0.00|
|C100|1|0|98765432000188|55|00|000000495|000|10032024|13032024|5986.43|2736.06|328.33|0.00|0.00|0.00|0.00|0.00|0.00|0.00|0|55512312300010|
|C170|1|PROD002|COMPONENTE ELETRICO B|34.89|UN|2831.86|5403|10|2736.06|12.00|328.33|0.00|0.00|0.00|0.00|0.00|0.00|
|C170|2|PROD007|PARTE SOBRESSALENTE G|30.22|UN|3154.57|5403|60|0.00|12.00|0.00|0.00|0.00|0.00|0.00|0.00|0.00|
|C100|1|0|98765432000188|55|00|000000496|000|06032024|08032024|86146.00|28355.55|3402.66|0.00|0.00|0.00|0.00|0.00|0.00|0.00|0|99900011000155|
|C170|1|PROD008|CONJUNTO MONTADO H|14.63|UN|14679.74|5102|00|13456.78|12.00|1614.81|0.00|0.00|0.00|0.00|0.00|0.00|
|C170|2|PROD008|CONJUNTO MONTADO H|45.96|UN|55822.82|5102|41|0.00|12.00|0.00|0.00|0.00|0.00|0.00|0.00|0.00|
|C170|3|PROD004|PRODUTO ACABADO D|22.60|UN|15024.75|5102|20|14312.28|12.00|1717.47|0.00|0.00|0.00|0.00|0.00|0.00|
|C170|4|PROD007|PARTE SOBRESSALENTE G|5.96|UN|618.69|5102|10|586.49|12.00|70.38|0.00|0.00|0.00|0.00|0.00|0.00|
|C100|1|0|98765432000188|55|00|000000497|000|04032024|07032024|22580.84|19899.38|2387.92|0.00|0.00|0.00|0.00|0.00|0.00|0.00|0|55512312300010|
|C170|1|PROD005|INSUMO INDUSTRIAL E|16.23|UN|640.08|6101|00|594.20|12.00|71.30|0.00|0.00|0.00|0.00|0.00|0.00|
|C170|2|PROD003|MATERIAL BRUTO C|15.74|UN|4440.76|6101|10|4199.69|12.00|503.96|0.00|0.00|0.00|0.00|0.00|0.00|
|C170|3|PROD008|CONJUNTO MONTADO H|14.37|UN|17500.00|6101|00|15105.49|12.00|1812.66|0.00|0.00|0.00|0.00|0.00|0.00|
|C100|1|0|98765432000188|55|00|000000498|000|28032024|28032024|3058.15|2643.34|317.20|0.00|0.00|0.00|0.00|0.00|0.00|0.00|0|55512312300010|
|C170|1|PROD006|EMBALAGEM PADRAO F|28.28|UN|181.54|5101|00|161.61|12.00|19.39|0.00|0.00|0.00|0.00|0.00|0.00|
|C170|2|PROD007|PARTE SOBRESSALENTE G|33.68|UN|2876.61|5101|00|2481.73|12.00|297.81|0.00|0.00|0.00|0.00|0.00|0.00|
|C100|1|0|98765432000188|55|00|000000499|000|02032024|02032024|31644.36|30557.70|3666.93|0.00|0.00|0.00|0.00|0.00|0.00|0.00|0|77788899000177|
|C170|1|PROD007|PARTE SOBRESSALENTE G|16.35|UN|1929.70|6102|20|1927.98|12.00|231.36|0.00|0.00|0.00|0.00|0.00|0.00|
|C170|2|PROD004|PRODUTO ACABADO D|43.62|UN|27549.91|6102|00|26635.42|12.00|3196.25|0.00|0.00|0.00|0.00|0.00|0.00|
|C170|3|PROD006|EMBALAGEM PADRAO F|3.77|UN|38.32|6102|00|34.42|12.00|4.13|0.00|0.00|0.00|0.00|0.00|0.00|
|C170|4|PROD001|PECA MECANICA TIPO A|34.98|UN|2126.43|6102|51|1959.88|12.00|235.19|0.00|0.00|0.00|0.00|0.00|0.00|
|C100|1|0|98765432000188|55|00|000000500|000|17032024|17032024|9716.31|8880.61|1065.68|0.00|0.00|0.00|0.00|0.00|0.00|0.00|0|55512312300010|
|C170|1|PROD001|PECA MECANICA TIPO A|22.98|UN|2327.16|6102|20|2078.66|12.00|249.44|0.00|0.00|0.00|0.00|0.00|0.00|
|C170|2|PROD002|COMPONENTE ELETRICO B|17.17|UN|683.83|6102|10|628.63|12.00|75.44|0.00|0.00|0.00|0.00|0.00|0.00|
|C170|3|PROD005|INSUMO INDUSTRIAL E|47.42|UN|1205.87|6102|51|1138.82|12.00|136.66|0.00|0.00|0.00|0.00|0.00|0.00|
|C170|4|PROD007|PARTE SOBRESSALENTE G|41.37|UN|5499.45|6102|10|5034.50|12.00|604.14|0.00|0.00|0.00|0.00|0.00|0.00|
|C990|1987|
|E001|0|
|E100|01032024|31032024|
|E110|733803.32|0.00|0.00|733803.32|184.37|0.00|0.00|0.00|0.00|0.00|238611.48|238611.48|0.00|0.00|0.00|0.00|0.00|0.00|0.00|0.00|495007.47|
|E990|4|
|9001|0|
|9900|0000|1|
|9900|0001|1|
|9900|0005|1|
|9900|0150|5|
|9900|0990|1|
|9900|9001|1|
|9900|C001|1|
|9900|C100|500|
|9900|C170|1485|
|9900|C990|1|
|9900|E001|1|
|9900|E100|1|
|9900|E110|1|
|9900|E990|1|
|9990|17|
|9999|2017|
