|0000|LEIAUTE 17|01012024|31012024|98765432000188|BETA INDUSTRIA METALURGICA SA|MG|222222222222||BELO HORIZONTE|3106200|0|0|
|0001|0|
|0005|BETA INDUSTRIA METALURGICA SA|XX.XXX.XXX/XXXX-XX|98765432000188|contato@empresa.com.br|(11) 0000-0000|
|0150|55512312300010|FORNECEDOR NACIONAL LTDA|SP|444444444444||||55512312300010||
|0150|77788899000177|CLIENTE VAREJO SA|RJ|555555555555||||77788899000177||
|0150|33366699000100|DISTRIBUIDORA CENTRO OESTE|GO|666666666666||||33366699000100||
|0150|22244466000133|INDUSTRIA DO NORTE LTDA|PA|777777777777||||22244466000133||
|0150|99900011000155|ATACADO SUL COMERCIO|SC|888888888888||||99900011000155||
|0990|9|
|C001|0|
|C100|1|0|98765432000188|55|00|000000001|000|17012024|20012024|11485.47|0.00|0.00|0.00|0.00|0.00|0.00|0.00|0.00|0.00|0|77788899000177|
|C170|1|PROD004|PRODUTO ACABADO D|15.51|UN|10267.61|5102|70|0.00|12.00|0.00|0.00|0.00|0.00|0.00|0.00|0.00|
|C170|2|PROD005|INSUMO INDUSTRIAL E|34.34|UN|1217.86|5102|40|0.00|12.00|0.00|0.00|0.00|0.00|0.00|0.00|0.00|
|C100|1|0|98765432000188|55|00|000000002|000|17012024|19012024|31442.50|11565.54|1387.86|0.00|0.00|0.00|0.00|0.00|0.00|0.00|0|99900011000155|
|C170|1|PROD005|INSUMO INDUSTRIAL E|19.57|UN|605.27|6102|40|0.00|12.00|0.00|0.00|0.00|0.00|0.00|0.00|0.00|
|C170|2|PROD003|MATERIAL BRUTO C|46.19|UN|15845.49|6102|40|0.00|12.00|0.00|0.00|0.00|0.00|0.00|0.00|0.00|
|C170|3|PROD004|PRODUTO ACABADO D|20.98|UN|12688.96|6102|00|11565.54|12.00|1387.86|0.00|0.00|0.00|0.00|0.00|0.00|
|C170|4|PROD007|PARTE SOBRESSALENTE G|27.84|UN|2302.78|6102|41|0.00|12.00|0.00|0.00|0.00|0.00|0.00|0.00|0.00|
|C100|1|0|98765432000188|55|00|000000003|000|29012024|01022024|19994.68|944.96|113.40|0.00|0.00|0.00|0.00|0.00|0.00|0.00|0|22244466000133|
|C170|1|PROD005|INSUMO INDUSTRIAL E|28.68|UN|1069.66|5403|00|944.96|12.00|113.40|0.00|0.00|0.00|0.00|0.00|0.00|
|C170|2|PROD004|PRODUTO ACABADO D|23.95|UN|14088.92|5403|40|0.00|12.00|0.00|0.00|0.00|0.00|0.00|0.00|0.00|
|C170|3|PROD007|PARTE SOBRESSALENTE G|38.18|UN|4410.67|5403|40|0.00|12.00|0.00|0.00|0.00|0.00|0.00|0.00|0.00|
|C170|4|PROD002|COMPONENTE ELETRICO B|5.18|UN|425.43|5403|41|0.00|12.00|0.00|0.00|0.00|0.00|0.00|0.00|0.00|
|C100|1|0|98765432000188|55|00|000000004|000|04012024|05012024|118998.18|80620.64|9674.49|0.00|0.00|0.00|0.00|0.00|0.00|0.00|0|33366699000100|
|C170|1|PROD004|PRODUTO ACABADO D|33.01|UN|19162.70|6101|00|16954.66|12.00|2034.56|0.00|0.00|0.00|0.00|0.00|0.00|
|C170|2|PROD002|COMPONENTE ELETRICO B|34.54|UN|2510.77|6101|00|2188.05|12.00|262.57|0.00|0.00|0.00|0.00|0.00|0.00|
|C170|3|PROD007|PARTE SOBRESSALENTE G|31.22|UN|4818.49|6101|00|4369.71|12.00|524.37|0.00|0.00|0.00|0.00|0.00|0.00|
|C170|4|PROD004|PRODUTO ACABADO D|39.59|UN|35268.45|6101|60|0.00|12.00|0.00|0.00|0.00|0.00|0.00|0.00|0.00|
|C170|5|PROD008|CONJUNTO MONTADO H|41.89|UN|57237.77|6101|10|57108.22|12.00|6852.99|0.00|0.00|0.00|0.00|0.00|0.00|
|C100|1|0|98765432000188|55|00|000000005|000|23012024|24012024|10041.05|9344.73|1121.37|0.00|0.00|0.00|0.00|0.00|0.00|0.00|0|33366699000100|
|C170|1|PROD004|PRODUTO ACABADO D|17.85|UN|10041.05|6102|10|9344.73|12.00|1121.37|0.00|0.00|0.00|0.00|0.00|0.00|
|C100|1|0|98765432000188|55|00|000000006|000|11012024|12012024|4898.80|0.00|0.00|0.00|0.00|0.00|0.00|0.00|0.00|0.00|0|22244466000133|
|C170|1|PROD001|PECA MECANICA TIPO A|36.05|UN|1925.34|6101|41|0.00|12.00|0.00|0.00|0.00|0.00|0.00|0.00|0.00|
|C170|2|PROD005|INSUMO INDUSTRIAL E|43.21|UN|957.17|6101|30|0.00|12.00|0.00|0.00|0.00|0.00|0.00|0.00|0.00|
|C170|3|PROD002|COMPONENTE ELETRICO B|41.57|UN|2016.29|6101|30|0.00|12.00|0.00|0.00|0.00|0.00|0.00|0.00|0.00|
|C100|1|0|98765432000188|55|00|000000007|000|08012024|08012024|8523.10|4445.03|533.41|0.00|0.00|0.00|0.00|0.00|0.00|0.00|0|33366699000100|
|C170|1|PROD006|EMBALAGEM PADRAO F|18.15|UN|130.34|5101|00|126.47|12.00|15.18|0.00|0.00|0.00|0.00|0.00|0.00|
|C170|2|PROD007|PARTE SOBRESSALENTE G|16.88|UN|2665.41|5101|20|2662.75|12.00|319.53|0.00|0.00|0.00|0.00|0.00|0.00|
|C170|3|PROD005|INSUMO INDUSTRIAL E|48.56|UN|1207.23|5101|50|0.00|12.00|0.00|0.00|0.00|0.00|0.00|0.00|0.00|
|C170|4|PROD001|PECA MECANICA TIPO A|24.50|UN|2699.61|5101|70|0.00|12.00|0.00|0.00|0.00|0.00|0.00|0.00|0.00|
|C170|5|PROD002|COMPONENTE ELETRICO B|27.98|UN|1820.51|5101|20|1655.81|12.00|198.70|0.00|0.00|0.00|0.00|0.00|0.00|
|C100|1|0|98765432000188|55|00|000000008|000|02012024|03012024|65953.91|34080.16|4089.62|0.00|0.00|0.00|0.00|0.00|0.00|0.00|0|77788899000177|
|C170|1|PROD008|CONJUNTO MONTADO H|45.20|UN|34580.36|6102|90|34080.16|12.00|4089.62|0.00|0.00|0.00|0.00|0.00|0.00|
|C170|2|PROD002|COMPONENTE ELETRICO B|28.45|UN|2362.69|6102|60|0.00|12.00|0.00|0.00|0.00|0.00|0.00|0.00|0.00|
|C170|3|PROD002|COMPONENTE ELETRICO B|47.62|UN|3460.07|6102|40|0.00|12.00|0.00|0.00|0.00|0.00|0.00|0.00|0.00|
|C170|4|PROD001|PECA MECANICA TIPO A|27.46|UN|2280.03|6102|30|0.00|12.00|0.00|0.00|0.00|0.00|0.00|0.00|0.00|
|C170|5|PROD004|PRODUTO ACABADO D|24.72|UN|23270.76|6102|30|0.00|12.00|0.00|0.00|0.00|0.00|0.00|0.00|0.00|
|C100|1|0|98765432000188|55|00|000000009|000|27012024|27012024|4560.81|715.41|85.85|0.00|0.00|0.00|0.00|0.00|0.00|0.00|0|77788899000177|
|C170|1|PROD007|PARTE SOBRESSALENTE G|40.06|UN|3761.52|5401|50|0.00|12.00|0.00|0.00|0.00|0.00|0.00|0.00|0.00|
|C170|2|PROD005|INSUMO INDUSTRIAL E|24.22|UN|799.29|5401|10|715.41|12.00|85.85|0.00|0.00|0.00|0.00|0.00|0.00|
|C100|1|0|98765432000188|55|00|000000010|000|01012024|02012024|1002.24|319.97|38.40|0.00|0.00|0.00|0.00|0.00|0.00|0.00|0|22244466000133|
|C170|1|PROD005|INSUMO INDUSTRIAL E|24.08|UN|373.71|5102|00|319.97|12.00|38.40|0.00|0.00|0.00|0.00|0.00|0.00|
|C170|2|PROD005|INSUMO INDUSTRIAL E|26.83|UN|628.53|5102|40|0.00|12.00|0.00|0.00|0.00|0.00|0.00|0.00|0.00|
|C100|1|0|98765432000188|55|00|000000011|000|31012024|31012024|271.18|250.41|30.05|0.00|0.00|0.00|0.00|0.00|0.00|0.00|0|77788899000177|
|C170|1|PROD006|EMBALAGEM PADRAO F|1.18|UN|11.85|5102|20|10.60|12.00|1.27|0.00|0.00|0.00|0.00|0.00|0.00|
|C170|2|PROD006|EMBALAGEM PADRAO F|47.41|UN|259.33|5102|00|239.81|12.00|28.78|0.00|0.00|0.00|0.00|0.00|0.00|
|C100|1|0|98765432000188|55|00|000000012|000|22012024|22012024|22021.22|19431.94|2331.83|0.00|0.00|0.00|0.00|0.00|0.00|0.00|0|77788899000177|
|C170|1|PROD004|PRODUTO ACABADO D|32.86|UN|16713.10|5101|00|14635.12|12.00|1756.21|0.00|0.00|0.00|0.00|0.00|0.00|
|C170|2|PROD002|COMPONENTE ELETRICO B|34.37|UN|2110.42|5101|00|1847.93|12.00|221.75|0.00|0.00|0.00|0.00|0.00|0.00|
|C170|3|PROD004|PRODUTO ACABADO D|3.49|UN|3197.70|5101|10|2948.89|12.00|353.87|0.00|0.00|0.00|0.00|0.00|0.00|
|C100|1|0|98765432000188|55|00|000000013|000|10012024|11012024|783.71|694.12|83.29|0.00|0.00|0.00|0.00|0.00|0.00|0.00|0|33366699000100|
|C170|1|PROD005|INSUMO INDUSTRIAL E|19.25|UN|783.71|5102|00|694.12|12.00|83.29|0.00|0.00|0.00|0.00|0.00|0.00|
|C100|1|0|98765432000188|55|00|000000014|000|07012024|10012024|36583.48|36461.78|4375.41|0.00|0.00|0.00|0.00|0.00|0.00|0.00|0|99900011000155|
|C170|1|PROD004|PRODUTO ACABADO D|39.98|UN|36583.48|6101|10|36461.78|12.00|4375.41|0.00|0.00|0.00|0.00|0.00|0.00|
|C100|1|0|98765432000188|55|00|000000015|000|08012024|09012024|2580.80|2310.55|277.27|0.00|0.00|0.00|0.00|0.00|0.00|0.00|0|77788899000177|
|C170|1|PROD001|PECA MECANICA TIPO A|5.89|UN|555.64|5403|00|502.71|12.00|60.33|0.00|0.00|0.00|0.00|0.00|0.00|
|C170|2|PROD006|EMBALAGEM PADRAO F|36.40|UN|326.11|5403|20|325.19|12.00|39.02|0.00|0.00|0.00|0.00|0.00|0.00|
|C170|3|PROD005|INSUMO INDUSTRIAL E|48.80|UN|1613.68|5403|00|1402.88|12.00|168.35|0.00|0.00|0.00|0.00|0.00|0.00|
|C170|4|PROD005|INSUMO INDUSTRIAL E|4.61|UN|85.37|5403|00|79.77|12.00|9.57|0.00|0.00|0.00|0.00|0.00|0.00|
|C100|1|0|98765432000188|55|00|000000016|000|24012024|26012024|4431.00|0.00|0.00|0.00|0.00|0.00|0.00|0.00|0.00|0.00|0|99900011000155|
|C170|1|PROD002|COMPONENTE ELETRICO B|28.69|UN|2189.05|5102|50|0.00|12.00|0.00|0.00|0.00|0.00|0.00|0.00|0.00|
|C170|2|PROD002|COMPONENTE ELETRICO B|29.19|UN|2241.95|5102|41|0.00|12.00|0.00|0.00|0.00|0.00|0.00|0.00|0.00|
|C100|1|0|98765432000188|55|00|000000017|000|11012024|12012024|14226.81|12781.47|1533.78|0.00|0.00|0.00|0.00|0.00|0.00|0.00|0|99900011000155|
|C170|1|PROD003|MATERIAL BRUTO C|48.27|UN|14226.81|6101|10|12781.47|12.00|1533.78|0.00|0.00|0.00|0.00|0.00|0.00|
|C100|1|0|98765432000188|55|00|000000018|000|03012024|06012024|29933.70|28956.79|3474.82|0.00|0.00|0.00|0.00|0.00|0.00|0.00|0|55512312300010|
|C170|1|PROD006|EMBALAGEM PADRAO F|23.87|UN|257.99|5102|20|246.23|12.00|29.55|0.00|0.00|0.00|0.00|0.00|0.00|
|C170|2|PROD001|PECA MECANICA TIPO A|6.42|UN|677.22|5102|10|594.28|12.00|71.31|0.00|0.00|0.00|0.00|0.00|0.00|
|C170|3|PROD005|INSUMO INDUSTRIAL E|28.50|UN|787.54|5102|00|718.08|12.00|86.17|0.00|0.00|0.00|0.00|0.00|0.00|
|C170|4|PROD008|CONJUNTO MONTADO H|19.89|UN|18736.09|5102|00|18527.21|12.00|2223.27|0.00|0.00|0.00|0.00|0.00|0.00|
|C170|5|PROD008|CONJUNTO MONTADO H|12.65|UN|9474.86|5102|10|8870.99|12.00|1064.52|0.00|0.00|0.00|0.00|0.00|0.00|
|C100|1|0|98765432000188|55|00|000000019|000|24012024|27012024|43333.46|39665.25|4759.83|0.00|0.00|0.00|0.00|0.00|0.00|0.00|0|22244466000133|
|C170|1|PROD006|EMBALAGEM PADRAO F|15.56|UN|147.00|5102|00|144.43|12.00|17.33|0.00|0.00|0.00|0.00|0.00|0.00|
|C170|2|PROD004|PRODUTO ACABADO D|43.14|UN|34460.06|5102|20|31851.82|12.00|3822.22|0.00|0.00|0.00|0.00|0.00|0.00|
|C170|3|PROD002|COMPONENTE ELETRICO B|30.58|UN|2375.45|5102|10|2058.44|12.00|247.01|0.00|0.00|0.00|0.00|0.00|0.00|
|C170|4|PROD007|PARTE SOBRESSALENTE G|45.30|UN|6350.95|5102|51|5610.56|12.00|673.27|0.00|0.00|0.00|0.00|0.00|0.00|
|C100|1|0|98765432000188|55|00|000000020|000|28012024|28012024|8728.18|7158.44|859.01|0.00|0.00|0.00|0.00|0.00|0.00|0.00|0|99900011000155|
|C170|1|PROD008|CONJUNTO MONTADO H|1.92|UN|1742.03|5102|00|1632.59|12.00|195.91|0.00|0.00|0.00|0.00|0.00|0.00|
|C170|2|PROD001|PECA MECANICA TIPO A|21.52|UN|1152.13|5102|00|987.92|12.00|118.55|0.00|0.00|0.00|0.00|0.00|0.00|
|C170|3|PROD007|PARTE SOBRESSALENTE G|15.07|UN|1930.23|5102|20|1743.29|12.00|209.19|0.00|0.00|0.00|0.00|0.00|0.00|
|C170|4|PROD003|MATERIAL BRUTO C|12.18|UN|3193.26|5102|00|2794.64|12.00|335.36|0.00|0.00|0.00|0.00|0.00|0.00|
|C170|5|PROD005|INSUMO INDUSTRIAL E|19.71|UN|710.53|5102|40|0.00|12.00|0.00|0.00|0.00|0.00|0.00|0.00|0.00|
|C100|1|0|98765432000188|55|00|000000021|000|05012024|07012024|15804.83|4898.84|587.86|0.00|0.00|0.00|0.00|0.00|0.00|0.00|0|77788899000177|
|C170|1|PROD002|COMPONENTE ELETRICO B|38.26|UN|2658.51|5401|00|2590.79|12.00|310.89|0.00|0.00|0.00|0.00|0.00|0.00|
|C170|2|PROD001|PECA MECANICA TIPO A|48.75|UN|5551.50|5401|40|0.00|12.00|0.00|0.00|0.00|0.00|0.00|0.00|0.00|
|C170|3|PROD004|PRODUTO ACABADO D|8.27|UN|5092.72|5401|70|0.00|12.00|0.00|0.00|0.00|0.00|0.00|0.00|0.00|
|C170|4|PROD005|INSUMO INDUSTRIAL E|6.57|UN|180.12|5401|50|0.00|12.00|0.00|0.00|0.00|0.00|0.00|0.00|0.00|
|C170|5|PROD001|PECA MECANICA TIPO A|20.40|UN|2321.98|5401|00|2308.05|12.00|276.97|0.00|0.00|0.00|0.00|0.00|0.00|
|C100|1|0|98765432000188|55|00|000000022|000|14012024|14012024|225.65|224.94|26.99|0.00|0.00|0.00|0.00|0.00|0.00|0.00|0|33366699000100|
|C170|1|PROD005|INSUMO INDUSTRIAL E|7.17|UN|225.65|5101|00|224.94|12.00|26.99|0.00|0.00|0.00|0.00|0.00|0.00|
|C100|1|0|98765432000188|55|00|000000023|000|17012024|19012024|4334.39|799.97|95.99|0.00|0.00|0.00|0.00|0.00|0.00|0.00|0|99900011000155|
|C170|1|PROD002|COMPONENTE ELETRICO B|41.87|UN|3473.45|5403|40|0.00|12.00|0.00|0.00|0.00|0.00|0.00|0.00|0.00|
|C170|2|PROD005|INSUMO INDUSTRIAL E|16.83|UN|442.10|5403|20|421.78|12.00|50.61|0.00|0.00|0.00|0.00|0.00|0.00|
|C170|3|PROD006|EMBALAGEM PADRAO F|39.59|UN|418.84|5403|00|378.19|12.00|45.38|0.00|0.00|0.00|0.00|0.00|0.00|
|C100|1|0|98765432000188|55|00|000000024|000|01012024|02012024|3494.88|3181.19|381.75|0.00|0.00|0.00|0.00|0.00|0.00|0.00|0|99900011000155|
|C170|1|PROD007|PARTE SOBRESSALENTE G|12.58|UN|1332.76|5102|00|1173.39|12.00|140.81|0.00|0.00|0.00|0.00|0.00|0.00|
|C170|2|PROD002|COMPONENTE ELETRICO B|30.65|UN|946.20|5102|00|942.14|12.00|113.06|0.00|0.00|0.00|0.00|0.00|0.00|
|C170|3|PROD003|MATERIAL BRUTO C|3.73|UN|912.96|5102|20|785.27|12.00|94.23|0.00|0.00|0.00|0.00|0.00|0.00|
|C170|4|PROD006|EMBALAGEM PADRAO F|42.20|UN|302.96|5102|00|280.39|12.00|33.65|0.00|0.00|0.00|0.00|0.00|0.00|
|C100|1|0|98765432000188|55|00|000000025|000|27012024|29012024|61179.74|57224.65|6866.95|0.00|0.00|0.00|0.00|0.00|0.00|0.00|0|77788899000177|
|C170|1|PROD006|EMBALAGEM PADRAO F|9.63|UN|64.88|5401|20|59.94|12.00|7.19|0.00|0.00|0.00|0.00|0.00|0.00|
|C170|2|PROD001|PECA MECANICA TIPO A|8.04|UN|798.64|5401|00|730.70|12.00|87.68|0.00|0.00|0.00|0.00|0.00|0.00|
|C170|3|PROD008|CONJUNTO MONTADO H|47.57|UN|60316.22|5401|00|56434.01|12.00|6772.08|0.00|0.00|0.00|0.00|0.00|0.00|
|C100|1|0|98765432000188|55|00|000000026|000|07012024|09012024|27396.22|18000.98|2160.12|0.00|0.00|0.00|0.00|0.00|0.00|0.00|0|99900011000155|
|C170|1|PROD004|PRODUTO ACABADO D|29.91|UN|17584.41|5102|90|15861.38|12.00|1903.37|0.00|0.00|0.00|0.00|0.00|0.00|
|C170|2|PROD001|PECA MECANICA TIPO A|26.16|UN|2329.45|5102|00|2139.60|12.00|256.75|0.00|0.00|0.00|0.00|0.00|0.00|
|C170|3|PROD003|MATERIAL BRUTO C|13.16|UN|4206.88|5102|30|0.00|12.00|0.00|0.00|0.00|0.00|0.00|0.00|0.00|
|C170|4|PROD002|COMPONENTE ELETRICO B|44.70|UN|1946.90|5102|70|0.00|12.00|0.00|0.00|0.00|0.00|0.00|0.00|0.00|
|C170|5|PROD007|PARTE SOBRESSALENTE G|12.39|UN|1328.58|5102|40|0.00|12.00|0.00|0.00|0.00|0.00|0.00|0.00|0.00|
|C100|1|0|98765432000188|55|00|000000027|000|02012024|03012024|14404.67|2276.92|273.23|0.00|0.00|0.00|0.00|0.00|0.00|0.00|0|77788899000177|
|C170|1|PROD003|MATERIAL BRUTO C|46.74|UN|9499.30|5102|40|0.00|12.00|0.00|0.00|0.00|0.00|0.00|0.00|0.00|
|C170|2|PROD007|PARTE SOBRESSALENTE G|19.34|UN|2653.00|5102|20|2276.92|12.00|273.23|0.00|0.00|0.00|0.00|0.00|0.00|
|C170|3|PROD002|COMPONENTE ELETRICO B|12.28|UN|398.63|5102|60|0.00|12.00|0.00|0.00|0.00|0.00|0.00|0.00|0.00|
|C170|4|PROD007|PARTE SOBRESSALENTE G|20.59|UN|1853.74|5102|50|0.00|12.00|0.00|0.00|0.00|0.00|0.00|0.00|0.00|
|C100|1|0|98765432000188|55|00|000000028|000|04012024|04012024|5173.81|5021.68|602.60|0.00|0.00|0.00|0.00|0.00|0.00|0.00|0|33366699000100|
|C170|1|PROD003|MATERIAL BRUTO C|18.47|UN|5173.81|5403|20|5021.68|12.00|602.60|0.00|0.00|0.00|0.00|0.00|0.00|
|C100|1|0|98765432000188|55|00|000000029|000|21012024|21012024|1655.64|1483.63|178.03|0.00|0.00|0.00|0.00|0.00|0.00|0.00|0|33366699000100|
|C170|1|PROD002|COMPONENTE ELETRICO B|34.67|UN|1610.28|5401|10|1442.54|12.00|173.10|0.00|0.00|0.00|0.00|0.00|0.00|
|C170|2|PROD006|EMBALAGEM PADRAO F|4.86|UN|45.36|5401|10|41.09|12.00|4.93|0.00|0.00|0.00|0.00|0.00|0.00|
|C100|1|0|98765432000188|55|00|000000030|000|05012024|07012024|37914.26|30991.13|3718.94|0.00|0.00|0.00|0.00|0.00|0.00|0.00|0|55512312300010|
|C170|1|PROD007|PARTE SOBRESSALENTE G|42.38|UN|6178.16|5102|40|0.00|12.00|0.00|0.00|0.00|0.00|0.00|0.00|0.00|
|C170|2|PROD001|PECA MECANICA TIPO A|44.41|UN|5028.99|5102|10|4835.06|12.00|580.21|0.00|0.00|0.00|0.00|0.00|0.00|
|C170|3|PROD004|PRODUTO ACABADO D|36.73|UN|23832.82|5102|90|23588.30|12.00|2830.60|0.00|0.00|0.00|0.00|0.00|0.00|
|C170|4|PROD005|INSUMO INDUSTRIAL E|48.73|UN|1541.85|5102|51|1336.03|12.00|160.32|0.00|0.00|0.00|0.00|0.00|0.00|
|C170|5|PROD005|INSUMO INDUSTRIAL E|34.91|UN|1332.44|5102|10|1231.74|12.00|147.81|0.00|0.00|0.00|0.00|0.00|0.00|
|C100|1|0|98765432000188|55|00|000000031|000|29012024|01022024|3474.95|3052.12|366.25|0.00|0.00|0.00|0.00|0.00|0.00|0.00|0|55512312300010|
|C170|1|PROD002|COMPONENTE ELETRICO B|32.83|UN|2755.75|5403|20|2349.60|12.00|281.95|0.00|0.00|0.00|0.00|0.00|0.00|
|C170|2|PROD005|INSUMO INDUSTRIAL E|39.41|UN|719.20|5403|20|702.52|12.00|84.30|0.00|0.00|0.00|0.00|0.00|0.00|
|C100|1|0|98765432000188|55|00|000000032|000|22012024|24012024|7158.06|5394.37|647.32|0.00|0.00|0.00|0.00|0.00|0.00|0.00|0|55512312300010|
|C170|1|PROD002|COMPONENTE ELETRICO B|22.36|UN|760.52|6102|00|663.99|12.00|79.68|0.00|0.00|0.00|0.00|0.00|0.00|
|C170|2|PROD002|COMPONENTE ELETRICO B|16.41|UN|999.56|6102|10|970.87|12.00|116.50|0.00|0.00|0.00|0.00|0.00|0.00|
|C170|3|PROD007|PARTE SOBRESSALENTE G|33.72|UN|3830.02|6102|20|3759.51|12.00|451.14|0.00|0.00|0.00|0.00|0.00|0.00|
|C170|4|PROD001|PECA MECANICA TIPO A|16.00|UN|1567.96|6102|40|0.00|12.00|0.00|0.00|0.00|0.00|0.00|0.00|0.00|
|C100|1|0|98765432000188|55|00|000000033|000|01012024|01012024|44472.24|37692.69|4523.12|0.00|0.00|0.00|0.00|0.00|0.00|0.00|0|22244466000133|
|C170|1|PROD001|PECA MECANICA TIPO A|5.71|UN|305.27|6102|00|266.29|12.00|31.95|0.00|0.00|0.00|0.00|0.00|0.00|
|C170|2|PROD001|PECA MECANICA TIPO A|41.72|UN|3617.71|6102|40|0.00|12.00|0.00|0.00|0.00|0.00|0.00|0.00|0.00|
|C170|3|PROD008|CONJUNTO MONTADO H|27.36|UN|23118.08|6102|00|23027.26|12.00|2763.27|0.00|0.00|0.00|0.00|0.00|0.00|
|C170|4|PROD007|PARTE SOBRESSALENTE G|20.15|UN|1796.42|6102|70|0.00|12.00|0.00|0.00|0.00|0.00|0.00|0.00|0.00|
|C170|5|PROD004|PRODUTO ACABADO D|28.19|UN|15634.76|6102|90|14399.14|12.00|1727.90|0.00|0.00|0.00|0.00|0.00|0.00|
|C100|1|0|98765432000188|55|00|000000034|000|24012024|26012024|62076.80|14740.29|1768.83|0.00|0.00|0.00|0.00|0.00|0.00|0.00|0|99900011000155|
|C170|1|PROD007|PARTE SOBRESSALENTE G|31.76|UN|4219.69|5101|10|4215.42|12.00|505.85|0.00|0.00|0.00|0.00|0.00|0.00|
|C170|2|PROD003|MATERIAL BRUTO C|38.18|UN|10707.30|5101|00|9869.93|12.00|1184.39|0.00|0.00|0.00|0.00|0.00|0.00|
|C170|3|PROD004|PRODUTO ACABADO D|26.68|UN|13492.19|5101|70|0.00|12.00|0.00|0.00|0.00|0.00|0.00|0.00|0.00|
|C170|4|PROD005|INSUMO INDUSTRIAL E|36.01|UN|692.51|5101|00|654.94|12.00|78.59|0.00|0.00|0.00|0.00|0.00|0.00|
|C170|5|PROD008|CONJUNTO MONTADO H|28.14|UN|32965.11|5101|70|0.00|12.00|0.00|0.00|0.00|0.00|0.00|0.00|0.00|
|C100|1|0|98765432000188|55|00|000000035|000|15012024|16012024|24255.59|23342.55|2801.11|0.00|0.00|0.00|0.00|0.00|0.00|0.00|0|33366699000100|
|C170|1|PROD004|PRODUTO ACABADO D|14.85|UN|10749.56|6102|00|10305.22|12.00|1236.63|0.00|0.00|0.00|0.00|0.00|0.00|
|C170|2|PROD003|MATERIAL BRUTO C|39.27|UN|13506.03|6102|00|13037.33|12.00|1564.48|0.00|0.00|0.00|0.00|0.00|0.00|
|C100|1|0|98765432000188|55|00|000000036|000|15012024|17012024|17390.30|16074.75|1928.96|0.00|0.00|0.00|0.00|0.00|0.00|0.00|0|99900011000155|
|C170|1|PROD003|MATERIAL BRUTO C|21.17|UN|7065.82|5101|00|6515.54|12.00|781.86|0.00|0.00|0.00|0.00|0.00|0.00|
|C170|2|PROD003|MATERIAL BRUTO C|28.65|UN|9786.32|5101|10|9074.52|12.00|1088.94|0.00|0.00|0.00|0.00|0.00|0.00|
|C170|3|PROD005|INSUMO INDUSTRIAL E|21.48|UN|538.16|5101|51|484.69|12.00|58.16|0.00|0.00|0.00|0.00|0.00|0.00|
|C100|1|0|98765432000188|55|00|000000037|000|29012024|29012024|40640.14|4395.36|527.45|0.00|0.00|0.00|0.00|0.00|0.00|0.00|0|22244466000133|
|C170|1|PROD003|MATERIAL BRUTO C|18.91|UN|4922.06|5101|90|4367.55|12.00|524.11|0.00|0.00|0.00|0.00|0.00|0.00|
|C170|2|PROD004|PRODUTO ACABADO D|37.77|UN|28021.13|5101|60|0.00|12.00|0.00|0.00|0.00|0.00|0.00|0.00|0.00|
|C170|3|PROD003|MATERIAL BRUTO C|33.13|UN|7668.43|5101|70|0.00|12.00|0.00|0.00|0.00|0.00|0.00|0.00|0.00|
|C170|4|PROD005|INSUMO INDUSTRIAL E|1.80|UN|28.52|5101|10|27.81|12.00|3.34|0.00|0.00|0.00|0.00|0.00|0.00|
|C100|1|0|98765432000188|55|00|000000038|000|14012024|16012024|2496.28|0.00|0.00|0.00|0.00|0.00|0.00|0.00|0.00|0.00|0|33366699000100|
|C170|1|PROD007|PARTE SOBRESSALENTE G|24.62|UN|2446.54|5102|40|0.00|12.00|0.00|0.00|0.00|0.00|0.00|0.00|0.00|
|C170|2|PROD006|EMBALAGEM PADRAO F|5.87|UN|49.74|5102|40|0.00|12.00|0.00|0.00|0.00|0.00|0.00|0.00|0.00|
|C100|1|0|98765432000188|55|00|000000039|000|19012024|20012024|8375.95|7249.59|869.95|0.00|0.00|0.00|0.00|0.00|0.00|0.00|0|55512312300010|
|C170|1|PROD003|MATERIAL BRUTO C|27.83|UN|8375.95|5403|00|7249.59|12.00|869.95|0.00|0.00|0.00|0.00|0.00|0.00|
|C100|1|0|98765432000188|55|00|000000040|000|22012024|22012024|69552.07|53955.73|6474.69|0.00|0.00|0.00|0.00|0.00|0.00|0.00|0|33366699000100|
|C170|1|PROD008|CONJUNTO MONTADO H|33.25|UN|46476.59|5102|00|46424.67|12.00|5570.96|0.00|0.00|0.00|0.00|0.00|0.00|
|C170|2|PROD003|MATERIAL BRUTO C|25.86|UN|8058.59|5102|00|7531.06|12.00|903.73|0.00|0.00|0.00|0.00|0.00|0.00|
|C170|3|PROD003|MATERIAL BRUTO C|46.00|UN|15016.89|5102|40|0.00|12.00|0.00|0.00|0.00|0.00|0.00|0.00|0.00|
|C100|1|0|98765432000188|55|00|000000041|000|13012024|16012024|33543.61|21369.52|2564.34|0.00|0.00|0.00|0.00|0.00|0.00|0.00|0|22244466000133|
|C170|1|PROD005|INSUMO INDUSTRIAL E|40.12|UN|1437.83|5102|00|1269.55|12.00|152.35|0.00|0.00|0.00|0.00|0.00|0.00|
|C170|2|PROD002|COMPONENTE ELETRICO B|33.89|UN|1067.91|5102|40|0.00|12.00|0.00|0.00|0.00|0.00|0.00|0.00|0.00|
|C170|3|PROD004|PRODUTO ACABADO D|15.26|UN|9922.40|5102|40|0.00|12.00|0.00|0.00|0.00|0.00|0.00|0.00|0.00|
|C170|4|PROD004|PRODUTO ACABADO D|31.30|UN|19048.78|5102|00|18167.70|12.00|2180.12|0.00|0.00|0.00|0.00|0.00|0.00|
|C170|5|PROD001|PECA MECANICA TIPO A|35.98|UN|2066.69|5102|90|1932.27|12.00|231.87|0.00|0.00|0.00|0.00|0.00|0.00|
|C100|1|0|98765432000188|55|00|000000042|000|11012024|13012024|3302.88|3008.27|360.99|0.00|0.00|0.00|0.00|0.00|0.00|0.00|0|22244466000133|
|C170|1|PROD002|COMPONENTE ELETRICO B|26.57|UN|1963.94|5403|00|1768.57|12.00|212.23|0.00|0.00|0.00|0.00|0.00|0.00|
|C170|2|PROD005|INSUMO INDUSTRIAL E|23.16|UN|552.25|5403|20|469.76|12.00|56.37|0.00|0.00|0.00|0.00|0.00|0.00|
|C170|3|PROD006|EMBALAGEM PADRAO F|7.24|UN|38.09|5403|00|37.83|12.00|4.54|0.00|0.00|0.00|0.00|0.00|0.00|
|C170|4|PROD003|MATERIAL BRUTO C|2.91|UN|748.60|5403|20|732.11|12.00|87.85|0.00|0.00|0.00|0.00|0.00|0.00|
|C100|1|0|98765432000188|55|00|000000043|000|06012024|08012024|2484.59|1892.31|227.08|0.00|0.00|0.00|0.00|0.00|0.00|0.00|0|55512312300010|
|C170|1|PROD005|INSUMO INDUSTRIAL E|6.01|UN|174.05|5101|40|0.00|12.00|0.00|0.00|0.00|0.00|0.00|0.00|0.00|
|C170|2|PROD006|EMBALAGEM PADRAO F|38.84|UN|332.06|5101|60|0.00|12.00|0.00|0.00|0.00|0.00|0.00|0.00|0.00|
|C170|3|PROD007|PARTE SOBRESSALENTE G|17.50|UN|1978.48|5101|20|1892.31|12.00|227.08|0.00|0.00|0.00|0.00|0.00|0.00|
|C100|1|0|98765432000188|55|00|000000044|000|28012024|29012024|17470.69|15616.03|1873.93|0.00|0.00|0.00|0.00|0.00|0.00|0.00|0|55512312300010|
|C170|1|PROD002|COMPONENTE ELETRICO B|2.65|UN|160.61|5102|41|0.00|12.00|0.00|0.00|0.00|0.00|0.00|0.00|0.00|
|C170|2|PROD005|INSUMO INDUSTRIAL E|21.40|UN|509.49|5102|20|479.80|12.00|57.58|0.00|0.00|0.00|0.00|0.00|0.00|
|C170|3|PROD003|MATERIAL BRUTO C|41.63|UN|13385.16|5102|51|11943.27|12.00|1433.19|0.00|0.00|0.00|0.00|0.00|0.00|
|C170|4|PROD003|MATERIAL BRUTO C|15.84|UN|3203.97|5102|00|3192.96|12.00|383.16|0.00|0.00|0.00|0.00|0.00|0.00|
|C170|5|PROD006|EMBALAGEM PADRAO F|35.01|UN|211.46|5102|30|0.00|12.00|0.00|0.00|0.00|0.00|0.00|0.00|0.00|
|C100|1|0|98765432000188|55|00|000000045|000|07012024|07012024|6480.85|5970.76|716.49|0.00|0.00|0.00|0.00|0.00|0.00|0.00|0|22244466000133|
|C170|1|PROD002|COMPONENTE ELETRICO B|4.61|UN|350.18|5102|00|325.65|12.00|39.08|0.00|0.00|0.00|0.00|0.00|0.00|
|C170|2|PROD001|PECA MECANICA TIPO A|35.08|UN|2687.60|5102|10|2521.17|12.00|302.54|0.00|0.00|0.00|0.00|0.00|0.00|
|C170|3|PROD003|MATERIAL BRUTO C|6.97|UN|1668.88|5102|00|1609.36|12.00|193.12|0.00|0.00|0.00|0.00|0.00|0.00|
|C170|4|PROD002|COMPONENTE ELETRICO B|33.81|UN|1774.19|5102|10|1514.58|12.00|181.75|0.00|0.00|0.00|0.00|0.00|0.00|
|C100|1|0|98765432000188|55|00|000000046|000|30012024|30012024|9230.22|5566.91|668.03|0.00|0.00|0.00|0.00|0.00|0.00|0.00|0|22244466000133|
|C170|1|PROD007|PARTE SOBRESSALENTE G|7.13|UN|750.82|6101|70|0.00|12.00|0.00|0.00|0.00|0.00|0.00|0.00|0.00|
|C170|2|PROD001|PECA MECANICA TIPO A|47.86|UN|4660.04|6101|00|4173.37|12.00|500.80|0.00|0.00|0.00|0.00|0.00|0.00|
|C170|3|PROD001|PECA MECANICA TIPO A|24.82|UN|2214.55|6101|40|0.00|12.00|0.00|0.00|0.00|0.00|0.00|0.00|0.00|
|C170|4|PROD005|INSUMO INDUSTRIAL E|11.36|UN|189.83|6101|00|168.81|12.00|20.26|0.00|0.00|0.00|0.00|0.00|0.00|
|C170|5|PROD007|PARTE SOBRESSALENTE G|14.76|UN|1414.98|6101|00|1224.73|12.00|146.97|0.00|0.00|0.00|0.00|0.00|0.00|
|C100|1|0|98765432000188|55|00|000000047|000|21012024|21012024|13491.14|0.00|0.00|0.00|0.00|0.00|0.00|0.00|0.00|0.00|0|99900011000155|
|C170|1|PROD008|CONJUNTO MONTADO H|17.75|UN|13491.14|5401|40|0.00|12.00|0.00|0.00|0.00|0.00|0.00|0.00|0.00|
|C100|1|0|98765432000188|55|00|000000048|000|11012024|11012024|37399.46|29817.00|3578.03|0.00|0.00|0.00|0.00|0.00|0.00|0.00|0|77788899000177|
|C170|1|PROD006|EMBALAGEM PADRAO F|29.05|UN|201.05|5403|00|201.03|12.00|24.12|0.00|0.00|0.00|0.00|0.00|0.00|
|C170|2|PROD003|MATERIAL BRUTO C|19.93|UN|4285.79|5403|40|0.00|12.00|0.00|0.00|0.00|0.00|0.00|0.00|0.00|
|C170|3|PROD004|PRODUTO ACABADO D|25.66|UN|19317.82|5403|00|16993.69|12.00|2039.24|0.00|0.00|0.00|0.00|0.00|0.00|
|C170|4|PROD005|INSUMO INDUSTRIAL E|13.87|UN|510.45|5403|41|0.00|12.00|0.00|0.00|0.00|0.00|0.00|0.00|0.00|
|C170|5|PROD004|PRODUTO ACABADO D|20.10|UN|13084.35|5403|00|12622.28|12.00|1514.67|0.00|0.00|0.00|0.00|0.00|0.00|
|C100|1|0|98765432000188|55|00|000000049|000|11012024|14012024|25793.95|12750.90|1530.11|0.00|0.00|0.00|0.00|0.00|0.00|0.00|0|22244466000133|
|C170|1|PROD007|PARTE SOBRESSALENTE G|11.90|UN|1768.99|6101|70|0.00|12.00|0.00|0.00|0.00|0.00|0.00|0.00|0.00|
|C170|2|PROD004|PRODUTO ACABADO D|14.01|UN|11163.26|6101|40|0.00|12.00|0.00|0.00|0.00|0.00|0.00|0.00|0.00|
|C170|3|PROD003|MATERIAL BRUTO C|46.13|UN|12861.70|6101|00|12750.90|12.00|1530.11|0.00|0.00|0.00|0.00|0.00|0.00|
|C100|1|0|98765432000188|55|00|000000050|000|20012024|20012024|35848.39|17206.99|2064.84|0.00|0.00|0.00|0.00|0.00|0.00|0.00|0|77788899000177|
|C170|1|PROD004|PRODUTO ACABADO D|31.13|UN|16893.71|6102|50|0.00|12.00|0.00|0.00|0.00|0.00|0.00|0.00|0.00|
|C170|2|PROD008|CONJUNTO MONTADO H|20.82|UN|18954.68|6102|00|17206.99|12.00|2064.84|0.00|0.00|0.00|0.00|0.00|0.00|
|C100|1|0|98765432000188|55|00|000000051|000|06012024|09012024|1653.63|1267.53|152.11|0.00|0.00|0.00|0.00|0.00|0.00|0.00|0|77788899000177|
|C170|1|PROD002|COMPONENTE ELETRICO B|3.23|UN|183.64|5403|70|0.00|12.00|0.00|0.00|0.00|0.00|0.00|0.00|0.00|
|C170|2|PROD001|PECA MECANICA TIPO A|12.83|UN|1257.08|5403|00|1073.56|12.00|128.83|0.00|0.00|0.00|0.00|0.00|0.00|
|C170|3|PROD006|EMBALAGEM PADRAO F|27.16|UN|212.91|5403|10|193.97|12.00|23.28|0.00|0.00|0.00|0.00|0.00|0.00|
|C100|1|0|98765432000188|55|00|000000052|000|06012024|08012024|47594.52|1179.42|141.53|0.00|0.00|0.00|0.00|0.00|0.00|0.00|0|55512312300010|
|C170|1|PROD001|PECA MECANICA TIPO A|15.24|UN|1317.72|5102|20|1179.42|12.00|141.53|0.00|0.00|0.00|0.00|0.00|0.00|
|C170|2|PROD008|CONJUNTO MONTADO H|28.51|UN|35421.68|5102|40|0.00|12.00|0.00|0.00|0.00|0.00|0.00|0.00|0.00|
|C170|3|PROD001|PECA MECANICA TIPO A|41.00|UN|3746.08|5102|30|0.00|12.00|0.00|0.00|0.00|0.00|0.00|0.00|0.00|
|C170|4|PROD003|MATERIAL BRUTO C|26.32|UN|7109.04|5102|60|0.00|12.00|0.00|0.00|0.00|0.00|0.00|0.00|0.00|
|C100|1|0|98765432000188|55|00|000000053|000|13012024|13012024|23996.93|0.00|0.00|0.00|0.00|0.00|0.00|0.00|0.00|0.00|0|77788899000177|
|C170|1|PROD008|CONJUNTO MONTADO H|23.34|UN|23996.93|5101|41|0.00|12.00|0.00|0.00|0.00|0.00|0.00|0.00|0.00|
|C100|1|0|98765432000188|55|00|000000054|000|16012024|17012024|50176.65|46609.75|5593.17|0.00|0.00|0.00|0.00|0.00|0.00|0.00|0|22244466000133|
|C170|1|PROD003|MATERIAL BRUTO C|40.98|UN|13937.85|6102|20|12063.06|12.00|1447.57|0.00|0.00|0.00|0.00|0.00|0.00|
|C170|2|PROD008|CONJUNTO MONTADO H|46.65|UN|35065.48|6102|00|33505.86|12.00|4020.70|0.00|0.00|0.00|0.00|0.00|0.00|
|C170|3|PROD005|INSUMO INDUSTRIAL E|21.73|UN|356.64|6102|00|336.10|12.00|40.33|0.00|0.00|0.00|0.00|0.00|0.00|
|C170|4|PROD007|PARTE SOBRESSALENTE G|9.34|UN|816.68|6102|00|704.73|12.00|84.57|0.00|0.00|0.00|0.00|0.00|0.00|
|C100|1|0|98765432000188|55|00|000000055|000|11012024|14012024|2659.87|2374.05|284.89|0.00|0.00|0.00|0.00|0.00|0.00|0.00|0|33366699000100|
|C170|1|PROD002|COMPONENTE ELETRICO B|15.85|UN|967.74|5403|20|924.38|12.00|110.93|0.00|0.00|0.00|0.00|0.00|0.00|
|C170|2|PROD002|COMPONENTE ELETRICO B|17.78|UN|1452.80|5403|00|1449.67|12.00|173.96|0.00|0.00|0.00|0.00|0.00|0.00|
|C170|3|PROD006|EMBALAGEM PADRAO F|24.52|UN|239.33|5403|50|0.00|12.00|0.00|0.00|0.00|0.00|0.00|0.00|0.00|
|C100|1|0|98765432000188|55|00|000000056|000|12012024|13012024|10086.84|9521.74|1142.61|0.00|0.00|0.00|0.00|0.00|0.00|0.00|0|77788899000177|
|C170|1|PROD003|MATERIAL BRUTO C|35.04|UN|10086.84|5101|00|9521.74|12.00|1142.61|0.00|0.00|0.00|0.00|0.00|0.00|
|C100|1|0|98765432000188|55|00|000000057|000|07012024|10012024|35819.81|31004.37|3720.52|0.00|0.00|0.00|0.00|0.00|0.00|0.00|0|33366699000100|
|C170|1|PROD008|CONJUNTO MONTADO H|31.06|UN|35819.81|6102|20|31004.37|12.00|3720.52|0.00|0.00|0.00|0.00|0.00|0.00|
|C100|1|0|98765432000188|55|00|000000058|000|07012024|09012024|31347.74|11887.75|1426.53|0.00|0.00|0.00|0.00|0.00|0.00|0.00|0|22244466000133|
|C170|1|PROD003|MATERIAL BRUTO C|36.42|UN|12358.13|5403|00|11887.75|12.00|1426.53|0.00|0.00|0.00|0.00|0.00|0.00|
|C170|2|PROD004|PRODUTO ACABADO D|28.45|UN|18989.61|5403|30|0.00|12.00|0.00|0.00|0.00|0.00|0.00|0.00|0.00|
|C100|1|0|98765432000188|55|00|000000059|000|22012024|23012024|2907.07|2733.24|327.99|0.00|0.00|0.00|0.00|0.00|0.00|0.00|0|33366699000100|
|C170|1|PROD007|PARTE SOBRESSALENTE G|20.01|UN|2326.71|6101|00|2222.46|12.00|266.70|0.00|0.00|0.00|0.00|0.00|0.00|
|C170|2|PROD006|EMBALAGEM PADRAO F|49.56|UN|580.36|6101|00|510.78|12.00|61.29|0.00|0.00|0.00|0.00|0.00|0.00|
|C100|1|0|98765432000188|55|00|000000060|000|29012024|01022024|33369.22|28878.62|3465.43|0.00|0.00|0.00|0.00|0.00|0.00|0.00|0|55512312300010|
|C170|1|PROD004|PRODUTO ACABADO D|32.41|UN|23638.48|6101|00|21225.33|12.00|2547.04|0.00|0.00|0.00|0.00|0.00|0.00|
|C170|2|PROD001|PECA MECANICA TIPO A|30.77|UN|1793.53|6101|40|0.00|12.00|0.00|0.00|0.00|0.00|0.00|0.00|0.00|
|C170|3|PROD001|PECA MECANICA TIPO A|20.04|UN|1477.55|6101|10|1435.76|12.00|172.29|0.00|0.00|0.00|0.00|0.00|0.00|
|C170|4|PROD003|MATERIAL BRUTO C|28.31|UN|6459.66|6101|51|6217.53|12.00|746.10|0.00|0.00|0.00|0.00|0.00|0.00|
|C100|1|0|98765432000188|55|00|000000061|000|10012024|13012024|53932.99|1463.25|175.60|0.00|0.00|0.00|0.00|0.00|0.00|0.00|0|22244466000133|
|C170|1|PROD005|INSUMO INDUSTRIAL E|31.79|UN|758.22|5102|20|740.81|12.00|88.90|0.00|0.00|0.00|0.00|0.00|0.00|
|C170|2|PROD005|INSUMO INDUSTRIAL E|12.31|UN|423.03|5102|00|367.97|12.00|44.16|0.00|0.00|0.00|0.00|0.00|0.00|
|C170|3|PROD001|PECA MECANICA TIPO A|35.09|UN|4166.34|5102|40|0.00|12.00|0.00|0.00|0.00|0.00|0.00|0.00|0.00|
|C170|4|PROD008|CONJUNTO MONTADO H|49.29|UN|48221.86|5102|40|0.00|12.00|0.00|0.00|0.00|0.00|0.00|0.00|0.00|
|C170|5|PROD006|EMBALAGEM PADRAO F|48.28|UN|363.54|5102|00|354.47|12.00|42.54|0.00|0.00|0.00|0.00|0.00|0.00|
|C100|1|0|98765432000188|55|00|000000062|000|11012024|11012024|5780.78|0.00|0.00|0.00|0.00|0.00|0.00|0.00|0.00|0.00|0|55512312300010|
|C170|1|PROD004|PRODUTO ACABADO D|3.35|UN|1802.90|6101|70|0.00|12.00|0.00|0.00|0.00|0.00|0.00|0.00|0.00|
|C170|2|PROD001|PECA MECANICA TIPO A|41.13|UN|3977.88|6101|40|0.00|12.00|0.00|0.00|0.00|0.00|0.00|0.00|0.00|
|C100|1|0|98765432000188|55|00|000000063|000|27012024|29012024|30596.93|0.00|0.00|0.00|0.00|0.00|0.00|0.00|0.00|0.00|0|55512312300010|
|C170|1|PROD004|PRODUTO ACABADO D|42.46|UN|30596.93|5403|40|0.00|12.00|0.00|0.00|0.00|0.00|0.00|0.00|0.00|
|C100|1|0|98765432000188|55|00|000000064|000|31012024|31012024|141.70|0.00|0.00|0.00|0.00|0.00|0.00|0.00|0.00|0.00|0|33366699000100|
|C170|1|PROD007|PARTE SOBRESSALENTE G|1.06|UN|141.70|5102|40|0.00|12.00|0.00|0.00|0.00|0.00|0.00|0.00|0.00|
|C100|1|0|98765432000188|55|00|000000065|000|21012024|22012024|41339.16|38057.43|4566.89|0.00|0.00|0.00|0.00|0.00|0.00|0.00|0|77788899000177|
|C170|1|PROD006|EMBALAGEM PADRAO F|3.51|UN|34.26|6101|70|0.00|12.00|0.00|0.00|0.00|0.00|0.00|0.00|0.00|
|C170|2|PROD004|PRODUTO ACABADO D|45.75|UN|40877.69|6101|51|37677.40|12.00|4521.29|0.00|0.00|0.00|0.00|0.00|0.00|
|C170|3|PROD005|INSUMO INDUSTRIAL E|10.63|UN|427.21|6101|00|380.03|12.00|45.60|0.00|0.00|0.00|0.00|0.00|0.00|
|C100|1|0|98765432000188|55|00|000000066|000|17012024|17012024|91031.42|24216.50|2905.99|0.00|0.00|0.00|0.00|0.00|0.00|0.00|0|33366699000100|
|C170|1|PROD008|CONJUNTO MONTADO H|47.00|UN|64788.69|5403|40|0.00|12.00|0.00|0.00|0.00|0.00|0.00|0.00|0.00|
|C170|2|PROD002|COMPONENTE ELETRICO B|4.44|UN|167.03|5403|90|161.32|12.00|19.36|0.00|0.00|0.00|0.00|0.00|0.00|
|C170|3|PROD008|CONJUNTO MONTADO H|26.98|UN|21462.52|5403|00|19565.21|12.00|2347.83|0.00|0.00|0.00|0.00|0.00|0.00|
|C170|4|PROD007|PARTE SOBRESSALENTE G|37.78|UN|4613.18|5403|90|4489.97|12.00|538.80|0.00|0.00|0.00|0.00|0.00|0.00|
|C100|1|0|98765432000188|55|00|000000067|000|16012024|19012024|3966.61|0.00|0.00|0.00|0.00|0.00|0.00|0.00|0.00|0.00|0|55512312300010|
|C170|1|PROD007|PARTE SOBRESSALENTE G|21.26|UN|3001.27|5101|40|0.00|12.00|0.00|0.00|0.00|0.00|0.00|0.00|0.00|
|C170|2|PROD002|COMPONENTE ELETRICO B|22.38|UN|965.34|5101|30|0.00|12.00|0.00|0.00|0.00|0.00|0.00|0.00|0.00|
|C100|1|0|98765432000188|55|00|000000068|000|30012024|30012024|19636.41|1770.95|212.51|0.00|0.00|0.00|0.00|0.00|0.00|0.00|0|33366699000100|
|C170|1|PROD004|PRODUTO ACABADO D|29.29|UN|15598.82|5403|40|0.00|12.00|0.00|0.00|0.00|0.00|0.00|0.00|0.00|
|C170|2|PROD001|PECA MECANICA TIPO A|12.18|UN|762.10|5403|10|737.91|12.00|88.55|0.00|0.00|0.00|0.00|0.00|0.00|
|C170|3|PROD002|COMPONENTE ELETRICO B|27.15|UN|2136.63|5403|40|0.00|12.00|0.00|0.00|0.00|0.00|0.00|0.00|0.00|
|C170|4|PROD002|COMPONENTE ELETRICO B|20.71|UN|1138.86|5403|00|1033.04|12.00|123.96|0.00|0.00|0.00|0.00|0.00|0.00|
|C100|1|0|98765432000188|55|00|000000069|000|08012024|11012024|11279.43|2147.67|257.72|0.00|0.00|0.00|0.00|0.00|0.00|0.00|0|99900011000155|
|C170|1|PROD005|INSUMO INDUSTRIAL E|43.14|UN|1737.84|6101|10|1713.60|12.00|205.63|0.00|0.00|0.00|0.00|0.00|0.00|
|C170|2|PROD005|INSUMO INDUSTRIAL E|21.31|UN|467.73|6101|10|434.07|12.00|52.09|0.00|0.00|0.00|0.00|0.00|0.00|
|C170|3|PROD003|MATERIAL BRUTO C|38.25|UN|9073.86|6101|60|0.00|12.00|0.00|0.00|0.00|0.00|0.00|0.00|0.00|
|C100|1|0|98765432000188|55|00|000000070|000|25012024|28012024|3808.10|0.00|0.00|0.00|0.00|0.00|0.00|0.00|0.00|0.00|0|22244466000133|
|C170|1|PROD007|PARTE SOBRESSALENTE G|44.31|UN|3808.10|6101|41|0.00|12.00|0.00|0.00|0.00|0.00|0.00|0.00|0.00|
|C100|1|0|98765432000188|55|00|000000071|000|08012024|08012024|4625.11|0.00|0.00|0.00|0.00|0.00|0.00|0.00|0.00|0.00|0|77788899000177|
|C170|1|PROD001|PECA MECANICA TIPO A|28.54|UN|2383.24|5403|50|0.00|12.00|0.00|0.00|0.00|0.00|0.00|0.00|0.00|
|C170|2|PROD006|EMBALAGEM PADRAO F|16.55|UN|122.94|5403|40|0.00|12.00|0.00|0.00|0.00|0.00|0.00|0.00|0.00|
|C170|3|PROD001|PECA MECANICA TIPO A|39.30|UN|2118.93|5403|40|0.00|12.00|0.00|0.00|0.00|0.00|0.00|0.00|0.00|
|C100|1|0|98765432000188|55|00|000000072|000|23012024|24012024|14112.18|9002.68|1080.32|0.00|0.00|0.00|0.00|0.00|0.00|0.00|0|22244466000133|
|C170|1|PROD004|PRODUTO ACABADO D|8.45|UN|7113.65|5403|00|6462.94|12.00|775.55|0.00|0.00|0.00|0.00|0.00|0.00|
|C170|2|PROD005|INSUMO INDUSTRIAL E|12.53|UN|244.91|5403|20|240.73|12.00|28.89|0.00|0.00|0.00|0.00|0.00|0.00|
|C170|3|PROD002|COMPONENTE ELETRICO B|48.37|UN|2502.41|5403|00|2181.76|12.00|261.81|0.00|0.00|0.00|0.00|0.00|0.00|
|C170|4|PROD003|MATERIAL BRUTO C|16.88|UN|4126.86|5403|30|0.00|12.00|0.00|0.00|0.00|0.00|0.00|0.00|0.00|
|C170|5|PROD001|PECA MECANICA TIPO A|1.33|UN|124.35|5403|10|117.25|12.00|14.07|0.00|0.00|0.00|0.00|0.00|0.00|
|C100|1|0|98765432000188|55|00|000000073|000|31012024|03022024|63622.86|57153.89|6858.47|0.00|0.00|0.00|0.00|0.00|0.00|0.00|0|99900011000155|
|C170|1|PROD006|EMBALAGEM PADRAO F|40.04|UN|255.03|5403|50|0.00|12.00|0.00|0.00|0.00|0.00|0.00|0.00|0.00|
|C170|2|PROD008|CONJUNTO MONTADO H|48.86|UN|63367.83|5403|10|57153.89|12.00|6858.47|0.00|0.00|0.00|0.00|0.00|0.00|
|C100|1|0|98765432000188|55|00|000000074|000|31012024|01022024|20821.85|18601.90|2232.22|0.00|0.00|0.00|0.00|0.00|0.00|0.00|0|99900011000155|
|C170|1|PROD003|MATERIAL BRUTO C|49.39|UN|17015.25|5401|20|15020.43|12.00|1802.45|0.00|0.00|0.00|0.00|0.00|0.00|
|C170|2|PROD001|PECA MECANICA TIPO A|26.86|UN|1621.95|5401|10|1611.69|12.00|193.40|0.00|0.00|0.00|0.00|0.00|0.00|
|C170|3|PROD001|PECA MECANICA TIPO A|23.69|UN|1899.30|5401|00|1718.33|12.00|206.20|0.00|0.00|0.00|0.00|0.00|0.00|
|C170|4|PROD006|EMBALAGEM PADRAO F|28.23|UN|285.35|5401|00|251.45|12.00|30.17|0.00|0.00|0.00|0.00|0.00|0.00|
|C100|1|0|98765432000188|55|00|000000075|000|18012024|18012024|32184.24|23527.46|2823.30|0.00|0.00|0.00|0.00|0.00|0.00|0.00|0|55512312300010|
|C170|1|PROD008|CONJUNTO MONTADO H|29.32|UN|23936.89|5401|00|22635.30|12.00|2716.24|0.00|0.00|0.00|0.00|0.00|0.00|
|C170|2|PROD001|PECA MECANICA TIPO A|7.83|UN|646.74|5401|90|631.08|12.00|75.73|0.00|0.00|0.00|0.00|0.00|0.00|
|C170|3|PROD008|CONJUNTO MONTADO H|9.39|UN|7302.49|5401|60|0.00|12.00|0.00|0.00|0.00|0.00|0.00|0.00|0.00|
|C170|4|PROD006|EMBALAGEM PADRAO F|34.47|UN|298.12|5401|00|261.08|12.00|31.33|0.00|0.00|0.00|0.00|0.00|0.00|
|C100|1|0|98765432000188|55|00|000000076|000|08012024|11012024|3296.76|3131.26|375.75|0.00|0.00|0.00|0.00|0.00|0.00|0.00|0|22244466000133|
|C170|1|PROD005|INSUMO INDUSTRIAL E|7.55|UN|126.36|5401|20|107.83|12.00|12.94|0.00|0.00|0.00|0.00|0.00|0.00|
|C170|2|PROD002|COMPONENTE ELETRICO B|15.45|UN|926.44|5401|00|881.06|12.00|105.73|0.00|0.00|0.00|0.00|0.00|0.00|
|C170|3|PROD001|PECA MECANICA TIPO A|22.41|UN|2243.96|5401|20|2142.37|12.00|257.08|0.00|0.00|0.00|0.00|0.00|0.00|
|C100|1|0|98765432000188|55|00|000000077|000|21012024|24012024|1768.18|1684.48|202.14|0.00|0.00|0.00|0.00|0.00|0.00|0.00|0|77788899000177|
|C170|1|PROD002|COMPONENTE ELETRICO B|36.84|UN|1768.18|5401|10|1684.48|12.00|202.14|0.00|0.00|0.00|0.00|0.00|0.00|
|C100|1|0|98765432000188|55|00|000000078|000|01012024|03012024|1051.50|0.00|0.00|0.00|0.00|0.00|0.00|0.00|0.00|0.00|0|55512312300010|
|C170|1|PROD005|INSUMO INDUSTRIAL E|31.30|UN|1051.50|5101|41|0.00|12.00|0.00|0.00|0.00|0.00|0.00|0.00|0.00|
|C100|1|0|98765432000188|55|00|000000079|000|05012024|08012024|551.30|228.03|27.36|0.00|0.00|0.00|0.00|0.00|0.00|0.00|0|77788899000177|
|C170|1|PROD006|EMBALAGEM PADRAO F|21.50|UN|257.34|5102|00|228.03|12.00|27.36|0.00|0.00|0.00|0.00|0.00|0.00|
|C170|2|PROD001|PECA MECANICA TIPO A|2.88|UN|293.96|5102|30|0.00|12.00|0.00|0.00|0.00|0.00|0.00|0.00|0.00|
|C100|1|0|98765432000188|55|00|000000080|000|23012024|24012024|40582.36|87.36|10.48|0.00|0.00|0.00|0.00|0.00|0.00|0.00|0|55512312300010|
|C170|1|PROD006|EMBALAGEM PADRAO F|10.68|UN|87.55|6102|50|0.00|12.00|0.00|0.00|0.00|0.00|0.00|0.00|0.00|
|C170|2|PROD008|CONJUNTO MONTADO H|29.14|UN|40401.96|6102|41|0.00|12.00|0.00|0.00|0.00|0.00|0.00|0.00|0.00|
|C170|3|PROD006|EMBALAGEM PADRAO F|7.94|UN|92.85|6102|00|87.36|12.00|10.48|0.00|0.00|0.00|0.00|0.00|0.00|
|C100|1|0|98765432000188|55|00|000000081|000|23012024|26012024|31772.98|29667.15|3560.06|0.00|0.00|0.00|0.00|0.00|0.00|0.00|0|22244466000133|
|C170|1|PROD004|PRODUTO ACABADO D|45.09|UN|31772.98|5102|10|29667.15|12.00|3560.06|0.00|0.00|0.00|0.00|0.00|0.00|
|C100|1|0|98765432000188|55|00|000000082|000|01012024|02012024|3483.95|0.00|0.00|0.00|0.00|0.00|0.00|0.00|0.00|0.00|0|33366699000100|
|C170|1|PROD003|MATERIAL BRUTO C|14.64|UN|3483.95|5102|70|0.00|12.00|0.00|0.00|0.00|0.00|0.00|0.00|0.00|
|C100|1|0|98765432000188|55|00|000000083|000|04012024|07012024|2422.67|1937.96|232.55|0.00|0.00|0.00|0.00|0.00|0.00|0.00|0|22244466000133|
|C170|1|PROD005|INSUMO INDUSTRIAL E|15.08|UN|547.48|5403|10|467.61|12.00|56.11|0.00|0.00|0.00|0.00|0.00|0.00|
|C170|2|PROD001|PECA MECANICA TIPO A|17.13|UN|1643.03|5403|20|1470.35|12.00|176.44|0.00|0.00|0.00|0.00|0.00|0.00|
|C170|3|PROD006|EMBALAGEM PADRAO F|29.43|UN|232.16|5403|40|0.00|12.00|0.00|0.00|0.00|0.00|0.00|0.00|0.00|
|C100|1|0|98765432000188|55|00|000000084|000|01012024|02012024|139.13|0.00|0.00|0.00|0.00|0.00|0.00|0.00|0.00|0.00|0|99900011000155|
|C170|1|PROD001|PECA MECANICA TIPO A|1.30|UN|139.13|5401|40|0.00|12.00|0.00|0.00|0.00|0.00|0.00|0.00|0.00|
|C100|1|0|98765432000188|55|00|000000085|000|20012024|23012024|5899.92|0.00|0.00|0.00|0.00|0.00|0.00|0.00|0.00|0.00|0|22244466000133|
|C170|1|PROD001|PECA MECANICA TIPO A|35.71|UN|2716.38|5101|40|0.00|12.00|0.00|0.00|0.00|0.00|0.00|0.00|0.00|
|C170|2|PROD007|PARTE SOBRESSALENTE G|35.12|UN|3183.54|5101|41|0.00|12.00|0.00|0.00|0.00|0.00|0.00|0.00|0.00|
|C100|1|0|98765432000188|55|00|000000086|000|30012024|30012024|38880.76|5433.39|652.00|0.00|0.00|0.00|0.00|0.00|0.00|0.00|0|99900011000155|
|C170|1|PROD007|PARTE SOBRESSALENTE G|18.14|UN|1844.68|5401|00|1761.51|12.00|211.38|0.00|0.00|0.00|0.00|0.00|0.00|
|C170|2|PROD002|COMPONENTE ELETRICO B|35.94|UN|2060.55|5401|20|2041.52|12.00|244.98|0.00|0.00|0.00|0.00|0.00|0.00|
|C170|3|PROD004|PRODUTO ACABADO D|37.56|UN|30974.68|5401|40|0.00|12.00|0.00|0.00|0.00|0.00|0.00|0.00|0.00|
|C170|4|PROD004|PRODUTO ACABADO D|3.29|UN|1812.63|5401|00|1630.36|12.00|195.64|0.00|0.00|0.00|0.00|0.00|0.00|
|C170|5|PROD003|MATERIAL BRUTO C|8.80|UN|2188.22|5401|30|0.00|12.00|0.00|0.00|0.00|0.00|0.00|0.00|0.00|
|C100|1|0|98765432000188|55|00|000000087|000|27012024|28012024|2613.17|175.94|21.12|0.00|0.00|0.00|0.00|0.00|0.00|0.00|0|22244466000133|
|C170|1|PROD006|EMBALAGEM PADRAO F|5.04|UN|40.92|5403|30|0.00|12.00|0.00|0.00|0.00|0.00|0.00|0.00|0.00|
|C170|2|PROD005|INSUMO INDUSTRIAL E|1.92|UN|41.02|5403|00|40.80|12.00|4.90|0.00|0.00|0.00|0.00|0.00|0.00|
|C170|3|PROD002|COMPONENTE ELETRICO B|40.31|UN|2392.70|5403|41|0.00|12.00|0.00|0.00|0.00|0.00|0.00|0.00|0.00|
|C170|4|PROD001|PECA MECANICA TIPO A|1.34|UN|138.53|5403|20|135.14|12.00|16.22|0.00|0.00|0.00|0.00|0.00|0.00|
|C100|1|0|98765432000188|55|00|000000088|000|03012024|05012024|45566.64|44106.76|5292.81|0.00|0.00|0.00|0.00|0.00|0.00|0.00|0|22244466000133|
|C170|1|PROD005|INSUMO INDUSTRIAL E|19.03|UN|646.48|5102|70|0.00|12.00|0.00|0.00|0.00|0.00|0.00|0.00|0.00|
|C170|2|PROD008|CONJUNTO MONTADO H|38.64|UN|44920.16|5102|10|44106.76|12.00|5292.81|0.00|0.00|0.00|0.00|0.00|0.00|
|C100|1|0|98765432000188|55|00|000000089|000|11012024|13012024|65536.82|42740.39|5128.85|0.00|0.00|0.00|0.00|0.00|0.00|0.00|0|55512312300010|
|C170|1|PROD004|PRODUTO ACABADO D|5.33|UN|4402.18|6101|41|0.00|12.00|0.00|0.00|0.00|0.00|0.00|0.00|0.00|
|C170|2|PROD004|PRODUTO ACABADO D|49.48|UN|43683.10|6101|00|41773.98|12.00|5012.88|0.00|0.00|0.00|0.00|0.00|0.00|
|C170|3|PROD005|INSUMO INDUSTRIAL E|38.17|UN|1054.66|6101|90|966.41|12.00|115.97|0.00|0.00|0.00|0.00|0.00|0.00|
|C170|4|PROD008|CONJUNTO MONTADO H|13.26|UN|16396.88|6101|40|0.00|12.00|0.00|0.00|0.00|0.00|0.00|0.00|0.00|
|C100|1|0|98765432000188|55|00|000000090|000|13012024|13012024|35821.64|3395.16|407.42|0.00|0.00|0.00|0.00|0.00|0.00|0.00|0|55512312300010|
|C170|1|PROD008|CONJUNTO MONTADO H|2.91|UN|3578.02|6101|51|3395.16|12.00|407.42|0.00|0.00|0.00|0.00|0.00|0.00|
|C170|2|PROD007|PARTE SOBRESSALENTE G|48.25|UN|4560.50|6101|41|0.00|12.00|0.00|0.00|0.00|0.00|0.00|0.00|0.00|
|C170|3|PROD008|CONJUNTO MONTADO H|10.87|UN|13004.98|6101|40|0.00|12.00|0.00|0.00|0.00|0.00|0.00|0.00|0.00|
|C170|4|PROD005|INSUMO INDUSTRIAL E|19.42|UN|295.41|6101|30|0.00|12.00|0.00|0.00|0.00|0.00|0.00|0.00|0.00|
|C170|5|PROD008|CONJUNTO MONTADO H|14.34|UN|14382.73|6101|40|0.00|12.00|0.00|0.00|0.00|0.00|0.00|0.00|0.00|
|C100|1|0|98765432000188|55|00|000000091|000|22012024|23012024|42972.21|128.31|15.40|0.00|0.00|0.00|0.00|0.00|0.00|0.00|0|77788899000177|
|C170|1|PROD003|MATERIAL BRUTO C|36.80|UN|10517.77|5101|41|0.00|12.00|0.00|0.00|0.00|0.00|0.00|0.00|0.00|
|C170|2|PROD008|CONJUNTO MONTADO H|24.48|UN|32280.46|5101|50|0.00|12.00|0.00|0.00|0.00|0.00|0.00|0.00|0.00|
|C170|3|PROD006|EMBALAGEM PADRAO F|7.21|UN|41.36|5101|60|0.00|12.00|0.00|0.00|0.00|0.00|0.00|0.00|0.00|
|C170|4|PROD006|EMBALAGEM PADRAO F|17.09|UN|132.62|5101|00|128.31|12.00|15.40|0.00|0.00|0.00|0.00|0.00|0.00|
|C100|1|0|98765432000188|55|00|000000092|000|07012024|10012024|66080.97|48976.49|5877.18|0.00|0.00|0.00|0.00|0.00|0.00|0.00|0|77788899000177|
|C170|1|PROD008|CONJUNTO MONTADO H|32.49|UN|44202.50|6102|51|40967.55|12.00|4916.11|0.00|0.00|0.00|0.00|0.00|0.00|
|C170|2|PROD006|EMBALAGEM PADRAO F|26.11|UN|149.63|6102|41|0.00|12.00|0.00|0.00|0.00|0.00|0.00|0.00|0.00|
|C170|3|PROD008|CONJUNTO MONTADO H|13.65|UN|11800.79|6102|40|0.00|12.00|0.00|0.00|0.00|0.00|0.00|0.00|0.00|
|C170|4|PROD002|COMPONENTE ELETRICO B|20.40|UN|884.34|6102|40|0.00|12.00|0.00|0.00|0.00|0.00|0.00|0.00|0.00|
|C170|5|PROD003|MATERIAL BRUTO C|44.93|UN|9043.71|6102|00|8008.94|12.00|961.07|0.00|0.00|0.00|0.00|0.00|0.00|
|C100|1|0|98765432000188|55|00|000000093|000|10012024|12012024|54130.50|28129.82|3375.58|0.00|0.00|0.00|0.00|0.00|0.00|0.00|0|99900011000155|
|C170|1|PROD004|PRODUTO ACABADO D|43.61|UN|28286.77|5401|00|28129.82|12.00|3375.58|0.00|0.00|0.00|0.00|0.00|0.00|
|C170|2|PROD008|CONJUNTO MONTADO H|23.14|UN|25620.92|5401|50|0.00|12.00|0.00|0.00|0.00|0.00|0.00|0.00|0.00|
|C170|3|PROD006|EMBALAGEM PADRAO F|37.45|UN|222.81|5401|40|0.00|12.00|0.00|0.00|0.00|0.00|0.00|0.00|0.00|
|C100|1|0|98765432000188|55|00|000000094|000|10012024|11012024|62262.20|6094.12|731.29|0.00|0.00|0.00|0.00|0.00|0.00|0.00|0|33366699000100|
|C170|1|PROD007|PARTE SOBRESSALENTE G|46.90|UN|6504.14|5401|00|6094.12|12.00|731.29|0.00|0.00|0.00|0.00|0.00|0.00|
|C170|2|PROD008|CONJUNTO MONTADO H|46.06|UN|38991.10|5401|40|0.00|12.00|0.00|0.00|0.00|0.00|0.00|0.00|0.00|
|C170|3|PROD001|PECA MECANICA TIPO A|17.14|UN|1608.93|5401|40|0.00|12.00|0.00|0.00|0.00|0.00|0.00|0.00|0.00|
|C170|4|PROD004|PRODUTO ACABADO D|28.82|UN|15158.03|5401|50|0.00|12.00|0.00|0.00|0.00|0.00|0.00|0.00|0.00|
|C100|1|0|98765432000188|55|00|000000095|000|31012024|03022024|81911.04|70810.55|8497.26|0.00|0.00|0.00|0.00|0.00|0.00|0.00|0|99900011000155|
|C170|1|PROD007|PARTE SOBRESSALENTE G|21.41|UN|3402.84|5401|40|0.00|12.00|0.00|0.00|0.00|0.00|0.00|0.00|0.00|
|C170|2|PROD004|PRODUTO ACABADO D|19.54|UN|14707.31|5401|90|12982.32|12.00|1557.88|0.00|0.00|0.00|0.00|0.00|0.00|
|C170|3|PROD007|PARTE SOBRESSALENTE G|16.02|UN|1331.83|5401|50|0.00|12.00|0.00|0.00|0.00|0.00|0.00|0.00|0.00|
|C170|4|PROD008|CONJUNTO MONTADO H|34.98|UN|25874.98|5401|20|24593.87|12.00|2951.26|0.00|0.00|0.00|0.00|0.00|0.00|
|C170|5|PROD004|PRODUTO ACABADO D|40.51|UN|36594.08|5401|20|33234.36|12.00|3988.12|0.00|0.00|0.00|0.00|0.00|0.00|
|C100|1|0|98765432000188|55|00|000000096|000|11012024|11012024|18660.94|16395.73|1967.49|0.00|0.00|0.00|0.00|0.00|0.00|0.00|0|77788899000177|
|C170|1|PROD004|PRODUTO ACABADO D|27.20|UN|18660.94|6102|00|16395.73|12.00|1967.49|0.00|0.00|0.00|0.00|0.00|0.00|
|C100|1|0|98765432000188|55|00|000000097|000|11012024|13012024|42985.48|0.00|0.00|0.00|0.00|0.00|0.00|0.00|0.00|0.00|0|99900011000155|
|C170|1|PROD008|CONJUNTO MONTADO H|29.81|UN|27959.52|5101|70|0.00|12.00|0.00|0.00|0.00|0.00|0.00|0.00|0.00|
|C170|2|PROD004|PRODUTO ACABADO D|17.32|UN|15025.96|5101|40|0.00|12.00|0.00|0.00|0.00|0.00|0.00|0.00|0.00|
|C100|1|0|98765432000188|55|00|000000098|000|03012024|04012024|13541.15|12176.61|1461.19|0.00|0.00|0.00|0.00|0.00|0.00|0.00|0|77788899000177|
|C170|1|PROD003|MATERIAL BRUTO C|35.84|UN|11515.18|6102|00|10566.02|12.00|1267.92|0.00|0.00|0.00|0.00|0.00|0.00|
|C170|2|PROD002|COMPONENTE ELETRICO B|13.86|UN|941.92|6102|00|937.48|12.00|112.50|0.00|0.00|0.00|0.00|0.00|0.00|
|C170|3|PROD002|COMPONENTE ELETRICO B|13.04|UN|736.78|6102|00|673.11|12.00|80.77|0.00|0.00|0.00|0.00|0.00|0.00|
|C170|4|PROD006|EMBALAGEM PADRAO F|31.01|UN|347.27|6102|40|0.00|12.00|0.00|0.00|0.00|0.00|0.00|0.00|0.00|
|C100|1|0|98765432000188|55|00|000000099|000|11012024|13012024|60063.65|19860.62|2383.27|0.00|0.00|0.00|0.00|0.00|0.00|0.00|0|33366699000100|
|C170|1|PROD008|CONJUNTO MONTADO H|21.14|UN|21759.95|5401|00|19860.62|12.00|2383.27|0.00|0.00|0.00|0.00|0.00|0.00|
|C170|2|PROD001|PECA MECANICA TIPO A|16.15|UN|1866.66|5401|41|0.00|12.00|0.00|0.00|0.00|0.00|0.00|0.00|0.00|
|C170|3|PROD008|CONJUNTO MONTADO H|28.62|UN|36042.42|5401|41|0.00|12.00|0.00|0.00|0.00|0.00|0.00|0.00|0.00|
|C170|4|PROD001|PECA MECANICA TIPO A|6.45|UN|394.62|5401|40|0.00|12.00|0.00|0.00|0.00|0.00|0.00|0.00|0.00|
|C100|1|0|98765432000188|55|00|000000100|000|30012024|30012024|35963.75|32919.62|3950.35|0.00|0.00|0.00|0.00|0.00|0.00|0.00|0|77788899000177|
|C170|1|PROD004|PRODUTO ACABADO D|39.50|UN|35727.24|6102|10|32713.29|12.00|3925.59|0.00|0.00|0.00|0.00|0.00|0.00|
|C170|2|PROD006|EMBALAGEM PADRAO F|20.86|UN|236.51|6102|00|206.33|12.00|24.76|0.00|0.00|0.00|0.00|0.00|0.00|
|C100|1|0|98765432000188|55|00|000000101|000|21012024|22012024|4076.37|0.00|0.00|0.00|0.00|0.00|0.00|0.00|0.00|0.00|0|99900011000155|
|C170|1|PROD003|MATERIAL BRUTO C|15.51|UN|4076.37|6102|40|0.00|12.00|0.00|0.00|0.00|0.00|0.00|0.00|0.00|
|C100|1|0|98765432000188|55|00|000000102|000|22012024|22012024|16373.84|6080.78|729.69|0.00|0.00|0.00|0.00|0.00|0.00|0.00|0|77788899000177|
|C170|1|PROD003|MATERIAL BRUTO C|17.32|UN|3790.43|5401|20|3623.10|12.00|434.77|0.00|0.00|0.00|0.00|0.00|0.00|
|C170|2|PROD007|PARTE SOBRESSALENTE G|22.01|UN|2640.28|5401|20|2457.68|12.00|294.92|0.00|0.00|0.00|0.00|0.00|0.00|
|C170|3|PROD003|MATERIAL BRUTO C|40.30|UN|9943.13|5401|41|0.00|12.00|0.00|0.00|0.00|0.00|0.00|0.00|0.00|
|C100|1|0|98765432000188|55|00|000000103|000|21012024|22012024|9700.25|3388.42|406.61|0.00|0.00|0.00|0.00|0.00|0.00|0.00|0|77788899000177|
|C170|1|PROD007|PARTE SOBRESSALENTE G|34.24|UN|3865.01|5403|00|3388.42|12.00|406.61|0.00|0.00|0.00|0.00|0.00|0.00|
|C170|2|PROD002|COMPONENTE ELETRICO B|37.35|UN|1622.11|5403|40|0.00|12.00|0.00|0.00|0.00|0.00|0.00|0.00|0.00|
|C170|3|PROD006|EMBALAGEM PADRAO F|36.32|UN|431.52|5403|50|0.00|12.00|0.00|0.00|0.00|0.00|0.00|0.00|0.00|
|C170|4|PROD001|PECA MECANICA TIPO A|47.45|UN|3781.61|5403|60|0.00|12.00|0.00|0.00|0.00|0.00|0.00|0.00|0.00|
|C100|1|0|98765432000188|55|00|000000104|000|06012024|07012024|466.38|403.71|48.45|0.00|0.00|0.00|0.00|0.00|0.00|0.00|0|55512312300010|
|C170|1|PROD005|INSUMO INDUSTRIAL E|19.35|UN|466.38|5102|00|403.71|12.00|48.45|0.00|0.00|0.00|0.00|0.00|0.00|
|C100|1|0|98765432000188|55|00|000000105|000|02012024|05012024|20432.06|17442.99|2093.16|0.00|0.00|0.00|0.00|0.00|0.00|0.00|0|99900011000155|
|C170|1|PROD001|PECA MECANICA TIPO A|9.46|UN|509.99|6102|40|0.00|12.00|0.00|0.00|0.00|0.00|0.00|0.00|0.00|
|C170|2|PROD006|EMBALAGEM PADRAO F|11.23|UN|80.52|6102|00|73.71|12.00|8.85|0.00|0.00|0.00|0.00|0.00|0.00|
|C170|3|PROD008|CONJUNTO MONTADO H|24.31|UN|19797.48|6102|00|17369.28|12.00|2084.31|0.00|0.00|0.00|0.00|0.00|0.00|
|C170|4|PROD006|EMBALAGEM PADRAO F|4.62|UN|44.07|6102|40|0.00|12.00|0.00|0.00|0.00|0.00|0.00|0.00|0.00|
|C100|1|0|98765432000188|55|00|000000106|000|19012024|19012024|42620.74|34647.16|4157.65|0.00|0.00|0.00|0.00|0.00|0.00|0.00|0|77788899000177|
|C170|1|PROD002|COMPONENTE ELETRICO B|42.66|UN|1806.01|6102|20|1578.35|12.00|189.40|0.00|0.00|0.00|0.00|0.00|0.00|
|C170|2|PROD008|CONJUNTO MONTADO H|46.06|UN|33602.50|6102|00|31380.83|12.00|3765.70|0.00|0.00|0.00|0.00|0.00|0.00|
|C170|3|PROD007|PARTE SOBRESSALENTE G|44.34|UN|5359.25|6102|40|0.00|12.00|0.00|0.00|0.00|0.00|0.00|0.00|0.00|
|C170|4|PROD005|INSUMO INDUSTRIAL E|22.78|UN|513.67|6102|20|440.79|12.00|52.89|0.00|0.00|0.00|0.00|0.00|0.00|
|C170|5|PROD001|PECA MECANICA TIPO A|15.02|UN|1339.31|6102|20|1247.19|12.00|149.66|0.00|0.00|0.00|0.00|0.00|0.00|
|C100|1|0|98765432000188|55|00|000000107|000|26012024|27012024|2026.74|1181.37|141.76|0.00|0.00|0.00|0.00|0.00|0.00|0.00|0|22244466000133|
|C170|1|PROD001|PECA MECANICA TIPO A|8.78|UN|844.81|6101|50|0.00|12.00|0.00|0.00|0.00|0.00|0.00|0.00|0.00|
|C170|2|PROD002|COMPONENTE ELETRICO B|37.62|UN|1181.93|6101|00|1181.37|12.00|141.76|0.00|0.00|0.00|0.00|0.00|0.00|
|C100|1|0|98765432000188|55|00|000000108|000|19012024|19012024|44167.92|13157.85|1578.94|0.00|0.00|0.00|0.00|0.00|0.00|0.00|0|22244466000133|
|C170|1|PROD004|PRODUTO ACABADO D|16.88|UN|14439.30|5401|00|13157.85|12.00|1578.94|0.00|0.00|0.00|0.00|0.00|0.00|
|C170|2|PROD004|PRODUTO ACABADO D|42.39|UN|29676.83|5401|40|0.00|12.00|0.00|0.00|0.00|0.00|0.00|0.00|0.00|
|C170|3|PROD005|INSUMO INDUSTRIAL E|1.95|UN|51.79|5401|50|0.00|12.00|0.00|0.00|0.00|0.00|0.00|0.00|0.00|
|C100|1|0|98765432000188|55|00|000000109|000|15012024|16012024|60467.65|54663.40|6559.61|0.00|0.00|0.00|0.00|0.00|0.00|0.00|0|33366699000100|
|C170|1|PROD008|CONJUNTO MONTADO H|23.59|UN|23995.11|6102|20|21297.85|12.00|2555.74|0.00|0.00|0.00|0.00|0.00|0.00|
|C170|2|PROD008|CONJUNTO MONTADO H|25.25|UN|33685.74|6102|00|30863.81|12.00|3703.66|0.00|0.00|0.00|0.00|0.00|0.00|
|C170|3|PROD002|COMPONENTE ELETRICO B|40.71|UN|2786.80|6102|00|2501.74|12.00|300.21|0.00|0.00|0.00|0.00|0.00|0.00|
|C100|1|0|98765432000188|55|00|000000110|000|15012024|15012024|1790.06|1768.92|212.27|0.00|0.00|0.00|0.00|0.00|0.00|0.00|0|22244466000133|
|C170|1|PROD002|COMPONENTE ELETRICO B|31.13|UN|1790.06|5403|20|1768.92|12.00|212.27|0.00|0.00|0.00|0.00|0.00|0.00|
|C100|1|0|98765432000188|55|00|000000111|000|10012024|11012024|45093.39|320.46|38.46|0.00|0.00|0.00|0.00|0.00|0.00|0.00|0|99900011000155|
|C170|1|PROD001|PECA MECANICA TIPO A|34.66|UN|1905.83|5403|40|0.00|12.00|0.00|0.00|0.00|0.00|0.00|0.00|0.00|
|C170|2|PROD005|INSUMO INDUSTRIAL E|19.50|UN|355.58|5403|00|320.46|12.00|38.46|0.00|0.00|0.00|0.00|0.00|0.00|
|C170|3|PROD005|INSUMO INDUSTRIAL E|43.42|UN|738.56|5403|30|0.00|12.00|0.00|0.00|0.00|0.00|0.00|0.00|0.00|
|C170|4|PROD008|CONJUNTO MONTADO H|21.79|UN|20356.09|5403|40|0.00|12.00|0.00|0.00|0.00|0.00|0.00|0.00|0.00|
|C170|5|PROD008|CONJUNTO MONTADO H|20.49|UN|21737.33|5403|41|0.00|12.00|0.00|0.00|0.00|0.00|0.00|0.00|0.00|
|C100|1|0|98765432000188|55|00|000000112|000|23012024|26012024|74290.54|13152.46|1578.30|0.00|0.00|0.00|0.00|0.00|0.00|0.00|0|55512312300010|
|C170|1|PROD008|CONJUNTO MONTADO H|19.02|UN|14164.45|5403|20|13152.46|12.00|1578.30|0.00|0.00|0.00|0.00|0.00|0.00|
|C170|2|PROD008|CONJUNTO MONTADO H|44.98|UN|59198.59|5403|41|0.00|12.00|0.00|0.00|0.00|0.00|0.00|0.00|0.00|
|C170|3|PROD005|INSUMO INDUSTRIAL E|49.84|UN|927.50|5403|40|0.00|12.00|0.00|0.00|0.00|0.00|0.00|0.00|0.00|
|C100|1|0|98765432000188|55|00|000000113|000|12012024|14012024|16202.30|5947.20|713.67|0.00|0.00|0.00|0.00|0.00|0.00|0.00|0|77788899000177|
|C170|1|PROD007|PARTE SOBRESSALENTE G|28.26|UN|2852.77|5101|00|2613.13|12.00|313.58|0.00|0.00|0.00|0.00|0.00|0.00|
|C170|2|PROD001|PECA MECANICA TIPO A|46.62|UN|2717.30|5101|00|2519.39|12.00|302.33|0.00|0.00|0.00|0.00|0.00|0.00|
|C170|3|PROD005|INSUMO INDUSTRIAL E|36.47|UN|941.37|5101|51|814.68|12.00|97.76|0.00|0.00|0.00|0.00|0.00|0.00|
|C170|4|PROD008|CONJUNTO MONTADO H|9.36|UN|9690.86|5101|40|0.00|12.00|0.00|0.00|0.00|0.00|0.00|0.00|0.00|
|C100|1|0|98765432000188|55|00|000000114|000|16012024|18012024|22895.71|19016.52|2281.98|0.00|0.00|0.00|0.00|0.00|0.00|0.00|0|55512312300010|
|C170|1|PROD002|COMPONENTE ELETRICO B|19.28|UN|1047.51|5101|10|1000.28|12.00|120.03|0.00|0.00|0.00|0.00|0.00|0.00|
|C170|2|PROD004|PRODUTO ACABADO D|32.76|UN|20996.57|5101|00|18016.24|12.00|2161.95|0.00|0.00|0.00|0.00|0.00|0.00|
|C170|3|PROD005|INSUMO INDUSTRIAL E|48.75|UN|851.63|5101|60|0.00|12.00|0.00|0.00|0.00|0.00|0.00|0.00|0.00|
|C100|1|0|98765432000188|55|00|000000115|000|30012024|30012024|6148.06|3464.42|415.73|0.00|0.00|0.00|0.00|0.00|0.00|0.00|0|99900011000155|
|C170|1|PROD001|PECA MECANICA TIPO A|36.60|UN|1860.33|5101|00|1678.39|12.00|201.41|0.00|0.00|0.00|0.00|0.00|0.00|
|C170|2|PROD001|PECA MECANICA TIPO A|15.16|UN|1260.89|5101|40|0.00|12.00|0.00|0.00|0.00|0.00|0.00|0.00|0.00|
|C170|3|PROD005|INSUMO INDUSTRIAL E|46.58|UN|987.58|5101|40|0.00|12.00|0.00|0.00|0.00|0.00|0.00|0.00|0.00|
|C170|4|PROD003|MATERIAL BRUTO C|9.61|UN|2039.26|5101|90|1786.03|12.00|214.32|0.00|0.00|0.00|0.00|0.00|0.00|
|C100|1|0|98765432000188|55|00|000000116|000|12012024|15012024|12309.39|598.20|71.78|0.00|0.00|0.00|0.00|0.00|0.00|0.00|0|22244466000133|
|C170|1|PROD006|EMBALAGEM PADRAO F|12.27|UN|112.79|5401|10|110.54|12.00|13.26|0.00|0.00|0.00|0.00|0.00|0.00|
|C170|2|PROD006|EMBALAGEM PADRAO F|49.40|UN|505.86|5401|00|487.66|12.00|58.52|0.00|0.00|0.00|0.00|0.00|0.00|
|C170|3|PROD007|PARTE SOBRESSALENTE G|17.98|UN|1990.32|5401|40|0.00|12.00|0.00|0.00|0.00|0.00|0.00|0.00|0.00|
|C170|4|PROD003|MATERIAL BRUTO C|31.16|UN|9700.42|5401|40|0.00|12.00|0.00|0.00|0.00|0.00|0.00|0.00|0.00|
|C100|1|0|98765432000188|55|00|000000117|000|02012024|04012024|46120.91|5625.05|675.01|0.00|0.00|0.00|0.00|0.00|0.00|0.00|0|77788899000177|
|C170|1|PROD003|MATERIAL BRUTO C|2.93|UN|934.03|5101|40|0.00|12.00|0.00|0.00|0.00|0.00|0.00|0.00|0.00|
|C170|2|PROD003|MATERIAL BRUTO C|18.95|UN|6350.58|5101|90|5625.05|12.00|675.01|0.00|0.00|0.00|0.00|0.00|0.00|
|C170|3|PROD006|EMBALAGEM PADRAO F|46.93|UN|557.58|5101|41|0.00|12.00|0.00|0.00|0.00|0.00|0.00|0.00|0.00|
|C170|4|PROD004|PRODUTO ACABADO D|43.55|UN|38278.72|5101|41|0.00|12.00|0.00|0.00|0.00|0.00|0.00|0.00|0.00|
|C100|1|0|98765432000188|55|00|000000118|000|24012024|27012024|45637.89|34738.25|4168.60|0.00|0.00|0.00|0.00|0.00|0.00|0.00|0|22244466000133|
|C170|1|PROD001|PECA MECANICA TIPO A|16.69|UN|1414.56|5403|00|1371.21|12.00|164.55|0.00|0.00|0.00|0.00|0.00|0.00|
|C170|2|PROD006|EMBALAGEM PADRAO F|15.76|UN|151.28|5403|41|0.00|12.00|0.00|0.00|0.00|0.00|0.00|0.00|0.00|
|C170|3|PROD004|PRODUTO ACABADO D|26.53|UN|21099.05|5403|10|19545.55|12.00|2345.47|0.00|0.00|0.00|0.00|0.00|0.00|
|C170|4|PROD008|CONJUNTO MONTADO H|14.48|UN|16094.95|5403|00|13821.49|12.00|1658.58|0.00|0.00|0.00|0.00|0.00|0.00|
|C170|5|PROD007|PARTE SOBRESSALENTE G|47.84|UN|6878.05|5403|30|0.00|12.00|0.00|0.00|0.00|0.00|0.00|0.00|0.00|
|C100|1|0|98765432000188|55|00|000000119|000|10012024|10012024|34233.03|31184.46|3742.13|0.00|0.00|0.00|0.00|0.00|0.00|0.00|0|77788899000177|
|C170|1|PROD004|PRODUTO ACABADO D|31.24|UN|23987.13|6102|00|21318.93|12.00|2558.27|0.00|0.00|0.00|0.00|0.00|0.00|
|C170|2|PROD003|MATERIAL BRUTO C|38.48|UN|9527.15|6102|90|9150.79|12.00|1098.09|0.00|0.00|0.00|0.00|0.00|0.00|
|C170|3|PROD001|PECA MECANICA TIPO A|6.36|UN|718.75|6102|00|714.74|12.00|85.77|0.00|0.00|0.00|0.00|0.00|0.00|
|C100|1|0|98765432000188|55|00|000000120|000|12012024|12012024|33750.29|24894.65|2987.36|0.00|0.00|0.00|0.00|0.00|0.00|0.00|0|99900011000155|
|C170|1|PROD004|PRODUTO ACABADO D|28.14|UN|27516.83|6101|10|24307.15|12.00|2916.86|0.00|0.00|0.00|0.00|0.00|0.00|
|C170|2|PROD004|PRODUTO ACABADO D|9.13|UN|5629.54|6101|50|0.00|12.00|0.00|0.00|0.00|0.00|0.00|0.00|0.00|
|C170|3|PROD005|INSUMO INDUSTRIAL E|21.19|UN|603.92|6101|00|587.50|12.00|70.50|0.00|0.00|0.00|0.00|0.00|0.00|
|C100|1|0|98765432000188|55|00|000000121|000|24012024|25012024|4294.92|3922.61|470.72|0.00|0.00|0.00|0.00|0.00|0.00|0.00|0|22244466000133|
|C170|1|PROD006|EMBALAGEM PADRAO F|38.21|UN|427.56|6102|00|418.48|12.00|50.22|0.00|0.00|0.00|0.00|0.00|0.00|
|C170|2|PROD007|PARTE SOBRESSALENTE G|13.97|UN|1504.43|6102|90|1390.55|12.00|166.87|0.00|0.00|0.00|0.00|0.00|0.00|
|C170|3|PROD001|PECA MECANICA TIPO A|46.69|UN|2362.93|6102|51|2113.58|12.00|253.63|0.00|0.00|0.00|0.00|0.00|0.00|
|C100|1|0|98765432000188|55|00|000000122|000|27012024|30012024|43.08|0.00|0.00|0.00|0.00|0.00|0.00|0.00|0.00|0.00|0|77788899000177|
|C170|1|PROD006|EMBALAGEM PADRAO F|7.90|UN|43.08|6101|41|0.00|12.00|0.00|0.00|0.00|0.00|0.00|0.00|0.00|
|C100|1|0|98765432000188|55|00|000000123|000|16012024|18012024|23036.34|17452.12|2094.25|0.00|0.00|0.00|0.00|0.00|0.00|0.00|0|33366699000100|
|C170|1|PROD003|MATERIAL BRUTO C|23.33|UN|5028.35|6101|40|0.00|12.00|0.00|0.00|0.00|0.00|0.00|0.00|0.00|
|C170|2|PROD003|MATERIAL BRUTO C|46.02|UN|13914.44|6101|90|13663.10|12.00|1639.57|0.00|0.00|0.00|0.00|0.00|0.00|
|C170|3|PROD001|PECA MECANICA TIPO A|4.95|UN|396.40|6101|20|366.61|12.00|43.99|0.00|0.00|0.00|0.00|0.00|0.00|
|C170|4|PROD002|COMPONENTE ELETRICO B|27.23|UN|2028.16|6101|10|1767.76|12.00|212.13|0.00|0.00|0.00|0.00|0.00|0.00|
|C170|5|PROD002|COMPONENTE ELETRICO B|41.78|UN|1668.99|6101|20|1654.65|12.00|198.56|0.00|0.00|0.00|0.00|0.00|0.00|
|C100|1|0|98765432000188|55|00|000000124|000|20012024|23012024|13545.64|10986.55|1318.39|0.00|0.00|0.00|0.00|0.00|0.00|0.00|0|22244466000133|
|C170|1|PROD005|INSUMO INDUSTRIAL E|44.29|UN|1571.41|6101|90|1391.23|12.00|166.95|0.00|0.00|0.00|0.00|0.00|0.00|
|C170|2|PROD008|CONJUNTO MONTADO H|1.21|UN|1623.26|6101|60|0.00|12.00|0.00|0.00|0.00|0.00|0.00|0.00|0.00|
|C170|3|PROD003|MATERIAL BRUTO C|7.67|UN|2611.43|6101|90|2605.05|12.00|312.61|0.00|0.00|0.00|0.00|0.00|0.00|
|C170|4|PROD003|MATERIAL BRUTO C|21.38|UN|7132.27|6101|00|6413.65|12.00|769.64|0.00|0.00|0.00|0.00|0.00|0.00|
|C170|5|PROD005|INSUMO INDUSTRIAL E|30.50|UN|607.27|6101|20|576.62|12.00|69.19|0.00|0.00|0.00|0.00|0.00|0.00|
|C100|1|0|98765432000188|55|00|000000125|000|23012024|24012024|24736.59|18146.75|2177.61|0.00|0.00|0.00|0.00|0.00|0.00|0.00|0|55512312300010|
|C170|1|PROD008|CONJUNTO MONTADO H|14.66|UN|20294.05|5401|00|18146.75|12.00|2177.61|0.00|0.00|0.00|0.00|0.00|0.00|
|C170|2|PROD005|INSUMO INDUSTRIAL E|30.60|UN|807.48|5401|41|0.00|12.00|0.00|0.00|0.00|0.00|0.00|0.00|0.00|
|C170|3|PROD001|PECA MECANICA TIPO A|18.12|UN|1056.99|5401|60|0.00|12.00|0.00|0.00|0.00|0.00|0.00|0.00|0.00|
|C170|4|PROD002|COMPONENTE ELETRICO B|49.08|UN|2578.07|5401|50|0.00|12.00|0.00|0.00|0.00|0.00|0.00|0.00|0.00|
|C100|1|0|98765432000188|55|00|000000126|000|23012024|24012024|6707.00|1058.27|126.99|0.00|0.00|0.00|0.00|0.00|0.00|0.00|0|77788899000177|
|C170|1|PROD007|PARTE SOBRESSALENTE G|47.15|UN|5527.75|6102|40|0.00|12.00|0.00|0.00|0.00|0.00|0.00|0.00|0.00|
|C170|2|PROD001|PECA MECANICA TIPO A|17.43|UN|1179.25|6102|00|1058.27|12.00|126.99|0.00|0.00|0.00|0.00|0.00|0.00|
|C100|1|0|98765432000188|55|00|000000127|000|04012024|07012024|28400.62|301.95|36.23|0.00|0.00|0.00|0.00|0.00|0.00|0.00|0|77788899000177|
|C170|1|PROD006|EMBALAGEM PADRAO F|46.27|UN|309.52|5101|00|301.95|12.00|36.23|0.00|0.00|0.00|0.00|0.00|0.00|
|C170|2|PROD004|PRODUTO ACABADO D|48.05|UN|28091.10|5101|60|0.00|12.00|0.00|0.00|0.00|0.00|0.00|0.00|0.00|
|C100|1|0|98765432000188|55|00|000000128|000|03012024|06012024|16443.39|15874.81|1904.98|0.00|0.00|0.00|0.00|0.00|0.00|0.00|0|22244466000133|
|C170|1|PROD003|MATERIAL BRUTO C|43.84|UN|11520.19|6102|51|11174.24|12.00|1340.91|0.00|0.00|0.00|0.00|0.00|0.00|
|C170|2|PROD004|PRODUTO ACABADO D|6.15|UN|4923.20|6102|00|4700.57|12.00|564.07|0.00|0.00|0.00|0.00|0.00|0.00|
|C100|1|0|98765432000188|55|00|000000129|000|18012024|19012024|36927.45|2399.88|287.99|0.00|0.00|0.00|0.00|0.00|0.00|0.00|0|22244466000133|
|C170|1|PROD005|INSUMO INDUSTRIAL E|16.63|UN|645.37|6101|10|631.99|12.00|75.84|0.00|0.00|0.00|0.00|0.00|0.00|
|C170|2|PROD007|PARTE SOBRESSALENTE G|17.23|UN|1932.22|6101|00|1767.89|12.00|212.15|0.00|0.00|0.00|0.00|0.00|0.00|
|C170|3|PROD008|CONJUNTO MONTADO H|35.72|UN|32420.24|6101|30|0.00|12.00|0.00|0.00|0.00|0.00|0.00|0.00|0.00|
|C170|4|PROD004|PRODUTO ACABADO D|2.41|UN|1929.62|6101|40|0.00|12.00|0.00|0.00|0.00|0.00|0.00|0.00|0.00|
|C100|1|0|98765432000188|55|00|000000130|000|06012024|08012024|48868.38|0.00|0.00|0.00|0.00|0.00|0.00|0.00|0.00|0.00|0|99900011000155|
|C170|1|PROD008|CONJUNTO MONTADO H|45.83|UN|48868.38|5102|30|0.00|12.00|0.00|0.00|0.00|0.00|0.00|0.00|0.00|
|C100|1|0|98765432000188|55|00|000000131|000|19012024|19012024|20553.58|10063.59|1207.63|0.00|0.00|0.00|0.00|0.00|0.00|0.00|0|22244466000133|
|C170|1|PROD003|MATERIAL BRUTO C|27.31|UN|9108.74|5401|90|8891.08|12.00|1066.93|0.00|0.00|0.00|0.00|0.00|0.00|
|C170|2|PROD005|INSUMO INDUSTRIAL E|49.52|UN|1342.90|5401|00|1172.51|12.00|140.70|0.00|0.00|0.00|0.00|0.00|0.00|
|C170|3|PROD006|EMBALAGEM PADRAO F|12.88|UN|124.85|5401|50|0.00|12.00|0.00|0.00|0.00|0.00|0.00|0.00|0.00|
|C170|4|PROD005|INSUMO INDUSTRIAL E|9.21|UN|291.62|5401|40|0.00|12.00|0.00|0.00|0.00|0.00|0.00|0.00|0.00|
|C170|5|PROD003|MATERIAL BRUTO C|45.33|UN|9685.47|5401|40|0.00|12.00|0.00|0.00|0.00|0.00|0.00|0.00|0.00|
|C100|1|0|98765432000188|55|00|000000132|000|07012024|08012024|49571.29|45323.69|5438.85|0.00|0.00|0.00|0.00|0.00|0.00|0.00|0|77788899000177|
|C170|1|PROD007|PARTE SOBRESSALENTE G|26.62|UN|4217.67|5101|00|3864.98|12.00|463.80|0.00|0.00|0.00|0.00|0.00|0.00|
|C170|2|PROD008|CONJUNTO MONTADO H|43.76|UN|45353.62|5101|10|41458.71|12.00|4975.05|0.00|0.00|0.00|0.00|0.00|0.00|
|C100|1|0|98765432000188|55|00|000000133|000|23012024|25012024|52819.79|22439.38|2692.73|0.00|0.00|0.00|0.00|0.00|0.00|0.00|0|99900011000155|
|C170|1|PROD002|COMPONENTE ELETRICO B|12.92|UN|392.03|5102|90|361.63|12.00|43.40|0.00|0.00|0.00|0.00|0.00|0.00|
|C170|2|PROD004|PRODUTO ACABADO D|28.49|UN|25612.27|5102|20|22077.75|12.00|2649.33|0.00|0.00|0.00|0.00|0.00|0.00|
|C170|3|PROD004|PRODUTO ACABADO D|37.43|UN|26019.30|5102|40|0.00|12.00|0.00|0.00|0.00|0.00|0.00|0.00|0.00|
|C170|4|PROD001|PECA MECANICA TIPO A|12.15|UN|796.19|5102|40|0.00|12.00|0.00|0.00|0.00|0.00|0.00|0.00|0.00|
|C100|1|0|98765432000188|55|00|000000134|000|27012024|29012024|21879.20|3040.47|364.86|0.00|0.00|0.00|0.00|0.00|0.00|0.00|0|33366699000100|
|C170|1|PROD003|MATERIAL BRUTO C|10.45|UN|3109.80|5403|51|3040.47|12.00|364.86|0.00|0.00|0.00|0.00|0.00|0.00|
|C170|2|PROD004|PRODUTO ACABADO D|23.19|UN|18769.40|5403|41|0.00|12.00|0.00|0.00|0.00|0.00|0.00|0.00|0.00|
|C100|1|0|98765432000188|55|00|000000135|000|09012024|11012024|36692.97|70.51|8.46|0.00|0.00|0.00|0.00|0.00|0.00|0.00|0|55512312300010|
|C170|1|PROD005|INSUMO INDUSTRIAL E|3.98|UN|73.31|5102|20|70.51|12.00|8.46|0.00|0.00|0.00|0.00|0.00|0.00|
|C170|2|PROD006|EMBALAGEM PADRAO F|33.79|UN|199.03|5102|40|0.00|12.00|0.00|0.00|0.00|0.00|0.00|0.00|0.00|
|C170|3|PROD004|PRODUTO ACABADO D|40.98|UN|36420.63|5102|60|0.00|12.00|0.00|0.00|0.00|0.00|0.00|0.00|0.00|
|C100|1|0|98765432000188|55|00|000000136|000|10012024|11012024|5172.96|5101.76|612.21|0.00|0.00|0.00|0.00|0.00|0.00|0.00|0|55512312300010|
|C170|1|PROD007|PARTE SOBRESSALENTE G|48.58|UN|5172.96|5401|10|5101.76|12.00|612.21|0.00|0.00|0.00|0.00|0.00|0.00|
|C100|1|0|98765432000188|55|00|000000137|000|20012024|21012024|45162.49|222.61|26.71|0.00|0.00|0.00|0.00|0.00|0.00|0.00|0|99900011000155|
|C170|1|PROD008|CONJUNTO MONTADO H|6.10|UN|6301.25|6101|40|0.00|12.00|0.00|0.00|0.00|0.00|0.00|0.00|0.00|
|C170|2|PROD008|CONJUNTO MONTADO H|42.84|UN|32059.64|6101|41|0.00|12.00|0.00|0.00|0.00|0.00|0.00|0.00|0.00|
|C170|3|PROD006|EMBALAGEM PADRAO F|21.64|UN|227.06|6101|00|222.61|12.00|26.71|0.00|0.00|0.00|0.00|0.00|0.00|
|C170|4|PROD003|MATERIAL BRUTO C|23.55|UN|6574.54|6101|50|0.00|12.00|0.00|0.00|0.00|0.00|0.00|0.00|0.00|
|C100|1|0|98765432000188|55|00|000000138|000|13012024|13012024|20467.91|11863.01|1423.57|0.00|0.00|0.00|0.00|0.00|0.00|0.00|0|33366699000100|
|C170|1|PROD005|INSUMO INDUSTRIAL E|33.88|UN|965.38|5401|00|847.71|12.00|101.73|0.00|0.00|0.00|0.00|0.00|0.00|
|C170|2|PROD008|CONJUNTO MONTADO H|9.74|UN|12596.76|5401|90|11015.30|12.00|1321.84|0.00|0.00|0.00|0.00|0.00|0.00|
|C170|3|PROD003|MATERIAL BRUTO C|27.67|UN|6905.77|5401|30|0.00|12.00|0.00|0.00|0.00|0.00|0.00|0.00|0.00|
|C100|1|0|98765432000188|55|00|000000139|000|01012024|01012024|71144.72|33909.16|4069.10|0.00|0.00|0.00|0.00|0.00|0.00|0.00|0|22244466000133|
|C170|1|PROD008|CONJUNTO MONTADO H|29.55|UN|32949.89|6102|50|0.00|12.00|0.00|0.00|0.00|0.00|0.00|0.00|0.00|
|C170|2|PROD002|COMPONENTE ELETRICO B|47.98|UN|2552.80|6102|00|2327.87|12.00|279.34|0.00|0.00|0.00|0.00|0.00|0.00|
|C170|3|PROD005|INSUMO INDUSTRIAL E|32.17|UN|999.29|6102|00|862.16|12.00|103.46|0.00|0.00|0.00|0.00|0.00|0.00|
|C170|4|PROD008|CONJUNTO MONTADO H|47.26|UN|34642.74|6102|51|30719.13|12.00|3686.30|0.00|0.00|0.00|0.00|0.00|0.00|
|C100|1|0|98765432000188|55|00|000000140|000|01012024|01012024|22988.39|18023.40|2162.81|0.00|0.00|0.00|0.00|0.00|0.00|0.00|0|99900011000155|
|C170|1|PROD004|PRODUTO ACABADO D|21.79|UN|17428.22|5102|10|17134.42|12.00|2056.13|0.00|0.00|0.00|0.00|0.00|0.00|
|C170|2|PROD007|PARTE SOBRESSALENTE G|38.98|UN|3354.45|5102|30|0.00|12.00|0.00|0.00|0.00|0.00|0.00|0.00|0.00|
|C170|3|PROD004|PRODUTO ACABADO D|1.83|UN|1017.18|5102|50|0.00|12.00|0.00|0.00|0.00|0.00|0.00|0.00|0.00|
|C170|4|PROD005|INSUMO INDUSTRIAL E|11.13|UN|251.18|5102|50|0.00|12.00|0.00|0.00|0.00|0.00|0.00|0.00|0.00|
|C170|5|PROD002|COMPONENTE ELETRICO B|16.98|UN|937.36|5102|00|888.98|12.00|106.68|0.00|0.00|0.00|0.00|0.00|0.00|
|C100|1|0|98765432000188|55|00|000000141|000|06012024|09012024|54206.08|19196.19|2303.54|0.00|0.00|0.00|0.00|0.00|0.00|0.00|0|22244466000133|
|C170|1|PROD008|CONJUNTO MONTADO H|31.43|UN|32179.52|5101|60|0.00|12.00|0.00|0.00|0.00|0.00|0.00|0.00|0.00|
|C170|2|PROD003|MATERIAL BRUTO C|33.72|UN|8240.65|5101|90|7425.60|12.00|891.07|0.00|0.00|0.00|0.00|0.00|0.00|
|C170|3|PROD004|PRODUTO ACABADO D|17.82|UN|13785.91|5101|90|11770.59|12.00|1412.47|0.00|0.00|0.00|0.00|0.00|0.00|
|C100|1|0|98765432000188|55|00|000000142|000|11012024|12012024|5300.02|74.79|8.97|0.00|0.00|0.00|0.00|0.00|0.00|0.00|0|33366699000100|
|C170|1|PROD002|COMPONENTE ELETRICO B|26.18|UN|2045.94|6102|70|0.00|12.00|0.00|0.00|0.00|0.00|0.00|0.00|0.00|
|C170|2|PROD006|EMBALAGEM PADRAO F|15.03|UN|82.94|6102|00|74.79|12.00|8.97|0.00|0.00|0.00|0.00|0.00|0.00|
|C170|3|PROD001|PECA MECANICA TIPO A|8.86|UN|637.27|6102|40|0.00|12.00|0.00|0.00|0.00|0.00|0.00|0.00|0.00|
|C170|4|PROD001|PECA MECANICA TIPO A|33.48|UN|2533.87|6102|50|0.00|12.00|0.00|0.00|0.00|0.00|0.00|0.00|0.00|
|C100|1|0|98765432000188|55|00|000000143|000|31012024|03022024|5041.97|2948.07|353.77|0.00|0.00|0.00|0.00|0.00|0.00|0.00|0|55512312300010|
|C170|1|PROD006|EMBALAGEM PADRAO F|5.72|UN|31.28|6102|40|0.00|12.00|0.00|0.00|0.00|0.00|0.00|0.00|0.00|
|C170|2|PROD005|INSUMO INDUSTRIAL E|10.06|UN|232.28|6102|60|0.00|12.00|0.00|0.00|0.00|0.00|0.00|0.00|0.00|
|C170|3|PROD007|PARTE SOBRESSALENTE G|25.08|UN|3431.95|6102|10|2948.07|12.00|353.77|0.00|0.00|0.00|0.00|0.00|0.00|
|C170|4|PROD001|PECA MECANICA TIPO A|11.02|UN|1160.07|6102|40|0.00|12.00|0.00|0.00|0.00|0.00|0.00|0.00|0.00|
|C170|5|PROD006|EMBALAGEM PADRAO F|24.21|UN|186.39|6102|40|0.00|12.00|0.00|0.00|0.00|0.00|0.00|0.00|0.00|
|C100|1|0|98765432000188|55|00|000000144|000|15012024|16012024|11039.24|10335.57|1240.28|0.00|0.00|0.00|0.00|0.00|0.00|0.00|0|33366699000100|
|C170|1|PROD006|EMBALAGEM PADRAO F|18.76|UN|206.50|5101|00|204.55|12.00|24.55|0.00|0.00|0.00|0.00|0.00|0.00|
|C170|2|PROD005|INSUMO INDUSTRIAL E|39.50|UN|1379.44|5101|00|1377.64|12.00|165.32|0.00|0.00|0.00|0.00|0.00|0.00|
|C170|3|PROD003|MATERIAL BRUTO C|1.47|UN|449.14|5101|40|0.00|12.00|0.00|0.00|0.00|0.00|0.00|0.00|0.00|
|C170|4|PROD001|PECA MECANICA TIPO A|49.94|UN|4022.76|5101|00|3923.50|12.00|470.82|0.00|0.00|0.00|0.00|0.00|0.00|
|C170|5|PROD007|PARTE SOBRESSALENTE G|39.51|UN|4981.40|5101|00|4829.88|12.00|579.59|0.00|0.00|0.00|0.00|0.00|0.00|
|C100|1|0|98765432000188|55|00|000000145|000|27012024|27012024|7153.73|7055.21|846.62|0.00|0.00|0.00|0.00|0.00|0.00|0.00|0|55512312300010|
|C170|1|PROD003|MATERIAL BRUTO C|29.57|UN|6184.53|5401|00|6115.02|12.00|733.80|0.00|0.00|0.00|0.00|0.00|0.00|
|C170|2|PROD005|INSUMO INDUSTRIAL E|24.44|UN|969.20|5401|00|940.19|12.00|112.82|0.00|0.00|0.00|0.00|0.00|0.00|
|C100|1|0|98765432000188|55|00|000000146|000|29012024|30012024|45748.76|43274.23|5192.90|0.00|0.00|0.00|0.00|0.00|0.00|0.00|0|77788899000177|
|C170|1|PROD004|PRODUTO ACABADO D|5.26|UN|5071.29|5401|00|4919.09|12.00|590.29|0.00|0.00|0.00|0.00|0.00|0.00|
|C170|2|PROD001|PECA MECANICA TIPO A|37.31|UN|3771.67|5401|00|3659.11|12.00|439.09|0.00|0.00|0.00|0.00|0.00|0.00|
|C170|3|PROD008|CONJUNTO MONTADO H|35.79|UN|36905.80|5401|00|34696.03|12.00|4163.52|0.00|0.00|0.00|0.00|0.00|0.00|
|C100|1|0|98765432000188|55|00|000000147|000|14012024|15012024|41045.90|33995.27|4079.43|0.00|0.00|0.00|0.00|0.00|0.00|0.00|0|99900011000155|
|C170|1|PROD005|INSUMO INDUSTRIAL E|7.29|UN|260.65|5403|00|251.79|12.00|30.21|0.00|0.00|0.00|0.00|0.00|0.00|
|C170|2|PROD001|PECA MECANICA TIPO A|31.34|UN|3504.15|5403|40|0.00|12.00|0.00|0.00|0.00|0.00|0.00|0.00|0.00|
|C170|3|PROD004|PRODUTO ACABADO D|25.62|UN|25035.98|5403|00|22369.64|12.00|2684.36|0.00|0.00|0.00|0.00|0.00|0.00|
|C170|4|PROD003|MATERIAL BRUTO C|43.11|UN|12245.12|5403|00|11373.84|12.00|1364.86|0.00|0.00|0.00|0.00|0.00|0.00|
|C100|1|0|98765432000188|55|00|000000148|000|02012024|02012024|15522.90|7312.12|877.45|0.00|0.00|0.00|0.00|0.00|0.00|0.00|0|99900011000155|
|C170|1|PROD006|EMBALAGEM PADRAO F|41.40|UN|238.06|6101|40|0.00|12.00|0.00|0.00|0.00|0.00|0.00|0.00|0.00|
|C170|2|PROD003|MATERIAL BRUTO C|29.91|UN|8285.28|6101|00|7312.12|12.00|877.45|0.00|0.00|0.00|0.00|0.00|0.00|
|C170|3|PROD003|MATERIAL BRUTO C|16.73|UN|5764.28|6101|40|0.00|12.00|0.00|0.00|0.00|0.00|0.00|0.00|0.00|
|C170|4|PROD002|COMPONENTE ELETRICO B|35.11|UN|1235.28|6101|70|0.00|12.00|0.00|0.00|0.00|0.00|0.00|0.00|0.00|
|C100|1|0|98765432000188|55|00|000000149|000|25012024|28012024|62472.45|16201.67|1944.20|0.00|0.00|0.00|0.00|0.00|0.00|0.00|0|77788899000177|
|C170|1|PROD004|PRODUTO ACABADO D|35.09|UN|18712.29|6102|20|15937.29|12.00|1912.47|0.00|0.00|0.00|0.00|0.00|0.00|
|C170|2|PROD008|CONJUNTO MONTADO H|33.10|UN|39181.42|6102|60|0.00|12.00|0.00|0.00|0.00|0.00|0.00|0.00|0.00|
|C170|3|PROD008|CONJUNTO MONTADO H|5.52|UN|4308.97|6102|30|0.00|12.00|0.00|0.00|0.00|0.00|0.00|0.00|0.00|
|C170|4|PROD006|EMBALAGEM PADRAO F|38.37|UN|269.77|6102|10|264.38|12.00|31.73|0.00|0.00|0.00|0.00|0.00|0.00|
|C100|1|0|98765432000188|55|00|000000150|000|08012024|09012024|5020.18|0.00|0.00|0.00|0.00|0.00|0.00|0.00|0.00|0.00|0|55512312300010|
|C170|1|PROD007|PARTE SOBRESSALENTE G|49.32|UN|5020.18|5102|41|0.00|12.00|0.00|0.00|0.00|0.00|0.00|0.00|0.00|
|C100|1|0|98765432000188|55|00|000000151|000|12012024|15012024|18566.85|7934.13|952.10|0.00|0.00|0.00|0.00|0.00|0.00|0.00|0|99900011000155|
|C170|1|PROD001|PECA MECANICA TIPO A|3.84|UN|384.75|5101|20|370.39|12.00|44.45|0.00|0.00|0.00|0.00|0.00|0.00|
|C170|2|PROD008|CONJUNTO MONTADO H|8.52|UN|10184.64|5101|40|0.00|12.00|0.00|0.00|0.00|0.00|0.00|0.00|0.00|
|C170|3|PROD004|PRODUTO ACABADO D|8.45|UN|4529.68|5101|10|4357.36|12.00|522.88|0.00|0.00|0.00|0.00|0.00|0.00|
|C170|4|PROD004|PRODUTO ACABADO D|6.77|UN|3467.78|5101|00|3206.38|12.00|384.77|0.00|0.00|0.00|0.00|0.00|0.00|
|C100|1|0|98765432000188|55|00|000000152|000|24012024|24012024|13956.36|13895.74|1667.49|0.00|0.00|0.00|0.00|0.00|0.00|0.00|0|99900011000155|
|C170|1|PROD003|MATERIAL BRUTO C|44.55|UN|13956.36|5101|90|13895.74|12.00|1667.49|0.00|0.00|0.00|0.00|0.00|0.00|
|C100|1|0|98765432000188|55|00|000000153|000|25012024|28012024|22281.88|20970.15|2516.42|0.00|0.00|0.00|0.00|0.00|0.00|0.00|0|77788899000177|
|C170|1|PROD004|PRODUTO ACABADO D|43.61|UN|22281.88|5102|10|20970.15|12.00|2516.42|0.00|0.00|0.00|0.00|0.00|0.00|
|C100|1|0|98765432000188|55|00|000000154|000|30012024|02022024|40452.95|37938.39|4552.61|0.00|0.00|0.00|0.00|0.00|0.00|0.00|0|22244466000133|
|C170|1|PROD002|COMPONENTE ELETRICO B|3.90|UN|223.00|5403|40|0.00|12.00|0.00|0.00|0.00|0.00|0.00|0.00|0.00|
|C170|2|PROD006|EMBALAGEM PADRAO F|16.60|UN|178.08|5403|41|0.00|12.00|0.00|0.00|0.00|0.00|0.00|0.00|0.00|
|C170|3|PROD008|CONJUNTO MONTADO H|29.42|UN|38441.64|5403|00|36457.85|12.00|4374.94|0.00|0.00|0.00|0.00|0.00|0.00|
|C170|4|PROD002|COMPONENTE ELETRICO B|28.41|UN|1161.48|5403|00|1039.22|12.00|124.71|0.00|0.00|0.00|0.00|0.00|0.00|
|C170|5|PROD006|EMBALAGEM PADRAO F|42.38|UN|448.75|5403|20|441.32|12.00|52.96|0.00|0.00|0.00|0.00|0.00|0.00|
|C100|1|0|98765432000188|55|00|000000155|000|10012024|12012024|3601.70|610.62|73.27|0.00|0.00|0.00|0.00|0.00|0.00|0.00|0|22244466000133|
|C170|1|PROD006|EMBALAGEM PADRAO F|17.42|UN|176.44|6102|50|0.00|12.00|0.00|0.00|0.00|0.00|0.00|0.00|0.00|
|C170|2|PROD005|INSUMO INDUSTRIAL E|25.15|UN|473.84|6102|51|425.87|12.00|51.10|0.00|0.00|0.00|0.00|0.00|0.00|
|C170|3|PROD005|INSUMO INDUSTRIAL E|27.55|UN|928.27|6102|40|0.00|12.00|0.00|0.00|0.00|0.00|0.00|0.00|0.00|
|C170|4|PROD006|EMBALAGEM PADRAO F|27.97|UN|205.86|6102|00|184.75|12.00|22.17|0.00|0.00|0.00|0.00|0.00|0.00|
|C170|5|PROD002|COMPONENTE ELETRICO B|43.64|UN|1817.29|6102|41|0.00|12.00|0.00|0.00|0.00|0.00|0.00|0.00|0.00|
|C100|1|0|98765432000188|55|00|000000156|000|31012024|03022024|12498.01|11610.87|1393.30|0.00|0.00|0.00|0.00|0.00|0.00|0.00|0|99900011000155|
|C170|1|PROD008|CONJUNTO MONTADO H|9.09|UN|11141.52|5101|20|10377.20|12.00|1245.26|0.00|0.00|0.00|0.00|0.00|0.00|
|C170|2|PROD005|INSUMO INDUSTRIAL E|45.53|UN|1356.49|5101|20|1233.67|12.00|148.04|0.00|0.00|0.00|0.00|0.00|0.00|
|C100|1|0|98765432000188|55|00|000000157|000|27012024|28012024|3313.99|3043.10|365.17|0.00|0.00|0.00|0.00|0.00|0.00|0.00|0|99900011000155|
|C170|1|PROD005|INSUMO INDUSTRIAL E|35.05|UN|914.75|5102|20|848.73|12.00|101.85|0.00|0.00|0.00|0.00|0.00|0.00|
|C170|2|PROD001|PECA MECANICA TIPO A|21.25|UN|2399.24|5102|00|2194.37|12.00|263.32|0.00|0.00|0.00|0.00|0.00|0.00|
|C100|1|0|98765432000188|55|00|000000158|000|31012024|02022024|17092.61|14834.41|1780.13|0.00|0.00|0.00|0.00|0.00|0.00|0.00|0|22244466000133|
|C170|1|PROD002|COMPONENTE ELETRICO B|6.18|UN|298.41|5101|60|0.00|12.00|0.00|0.00|0.00|0.00|0.00|0.00|0.00|
|C170|2|PROD007|PARTE SOBRESSALENTE G|29.18|UN|3456.54|5101|00|3072.94|12.00|368.75|0.00|0.00|0.00|0.00|0.00|0.00|
|C170|3|PROD002|COMPONENTE ELETRICO B|26.16|UN|791.74|5101|00|761.97|12.00|91.44|0.00|0.00|0.00|0.00|0.00|0.00|
|C170|4|PROD004|PRODUTO ACABADO D|14.20|UN|12545.92|5101|10|10999.50|12.00|1319.94|0.00|0.00|0.00|0.00|0.00|0.00|
|C100|1|0|98765432000188|55|00|000000159|000|23012024|25012024|59863.85|51569.25|6188.31|0.00|0.00|0.00|0.00|0.00|0.00|0.00|0|55512312300010|
|C170|1|PROD006|EMBALAGEM PADRAO F|4.56|UN|40.01|6102|00|35.85|12.00|4.30|0.00|0.00|0.00|0.00|0.00|0.00|
|C170|2|PROD008|CONJUNTO MONTADO H|45.95|UN|59823.84|6102|51|51533.40|12.00|6184.01|0.00|0.00|0.00|0.00|0.00|0.00|
|C100|1|0|98765432000188|55|00|000000160|000|20012024|21012024|2426.18|2415.75|289.89|0.00|0.00|0.00|0.00|0.00|0.00|0.00|0|99900011000155|
|C170|1|PROD007|PARTE SOBRESSALENTE G|17.74|UN|2426.18|5403|00|2415.75|12.00|289.89|0.00|0.00|0.00|0.00|0.00|0.00|
|C100|1|0|98765432000188|55|00|000000161|000|06012024|09012024|46350.02|45970.69|5516.48|0.00|0.00|0.00|0.00|0.00|0.00|0.00|0|33366699000100|
|C170|1|PROD004|PRODUTO ACABADO D|46.32|UN|44128.14|6101|90|44072.99|12.00|5288.76|0.00|0.00|0.00|0.00|0.00|0.00|
|C170|2|PROD007|PARTE SOBRESSALENTE G|25.49|UN|2221.88|6101|00|1897.70|12.00|227.72|0.00|0.00|0.00|0.00|0.00|0.00|
|C100|1|0|98765432000188|55|00|000000162|000|29012024|31012024|12002.36|10437.23|1252.46|0.00|0.00|0.00|0.00|0.00|0.00|0.00|0|33366699000100|
|C170|1|PROD003|MATERIAL BRUTO C|34.05|UN|10835.64|6102|00|9585.53|12.00|1150.26|0.00|0.00|0.00|0.00|0.00|0.00|
|C170|2|PROD003|MATERIAL BRUTO C|1.34|UN|285.33|6102|40|0.00|12.00|0.00|0.00|0.00|0.00|0.00|0.00|0.00|
|C170|3|PROD005|INSUMO INDUSTRIAL E|21.27|UN|881.39|6102|00|851.70|12.00|102.20|0.00|0.00|0.00|0.00|0.00|0.00|
|C100|1|0|98765432000188|55|00|000000163|000|31012024|03022024|45997.02|423.75|50.85|0.00|0.00|0.00|0.00|0.00|0.00|0.00|0|77788899000177|
|C170|1|PROD008|CONJUNTO MONTADO H|36.61|UN|45258.66|6101|40|0.00|12.00|0.00|0.00|0.00|0.00|0.00|0.00|0.00|
|C170|2|PROD006|EMBALAGEM PADRAO F|40.34|UN|311.85|6101|30|0.00|12.00|0.00|0.00|0.00|0.00|0.00|0.00|0.00|
|C170|3|PROD006|EMBALAGEM PADRAO F|27.22|UN|261.57|6101|51|259.31|12.00|31.12|0.00|0.00|0.00|0.00|0.00|0.00|
|C170|4|PROD006|EMBALAGEM PADRAO F|16.92|UN|164.94|6101|20|164.44|12.00|19.73|0.00|0.00|0.00|0.00|0.00|0.00|
|C100|1|0|98765432000188|55|00|000000164|000|07012024|09012024|18445.78|3194.06|383.29|0.00|0.00|0.00|0.00|0.00|0.00|0.00|0|99900011000155|
|C170|1|PROD005|INSUMO INDUSTRIAL E|4.41|UN|115.24|5101|40|0.00|12.00|0.00|0.00|0.00|0.00|0.00|0.00|0.00|
|C170|2|PROD004|PRODUTO ACABADO D|13.72|UN|12732.54|5101|41|0.00|12.00|0.00|0.00|0.00|0.00|0.00|0.00|0.00|
|C170|3|PROD008|CONJUNTO MONTADO H|1.94|UN|1735.16|5101|30|0.00|12.00|0.00|0.00|0.00|0.00|0.00|0.00|0.00|
|C170|4|PROD003|MATERIAL BRUTO C|13.34|UN|3212.75|5101|51|3194.06|12.00|383.29|0.00|0.00|0.00|0.00|0.00|0.00|
|C170|5|PROD005|INSUMO INDUSTRIAL E|40.84|UN|650.09|5101|40|0.00|12.00|0.00|0.00|0.00|0.00|0.00|0.00|0.00|
|C100|1|0|98765432000188|55|00|000000165|000|26012024|29012024|20927.66|17628.03|2115.36|0.00|0.00|0.00|0.00|0.00|0.00|0.00|0|77788899000177|
|C170|1|PROD006|EMBALAGEM PADRAO F|7.08|UN|75.64|6101|40|0.00|12.00|0.00|0.00|0.00|0.00|0.00|0.00|0.00|
|C170|2|PROD005|INSUMO INDUSTRIAL E|18.41|UN|418.02|6101|40|0.00|12.00|0.00|0.00|0.00|0.00|0.00|0.00|0.00|
|C170|3|PROD008|CONJUNTO MONTADO H|21.96|UN|20434.00|6101|00|17628.03|12.00|2115.36|0.00|0.00|0.00|0.00|0.00|0.00|
|C100|1|0|98765432000188|55|00|000000166|000|27012024|29012024|4211.12|690.62|82.87|0.00|0.00|0.00|0.00|0.00|0.00|0.00|0|22244466000133|
|C170|1|PROD004|PRODUTO ACABADO D|1.38|UN|697.93|5403|20|690.62|12.00|82.87|0.00|0.00|0.00|0.00|0.00|0.00|
|C170|2|PROD002|COMPONENTE ELETRICO B|44.56|UN|3513.19|5403|40|0.00|12.00|0.00|0.00|0.00|0.00|0.00|0.00|0.00|
|C100|1|0|98765432000188|55|00|000000167|000|21012024|24012024|9805.62|7971.62|956.60|0.00|0.00|0.00|0.00|0.00|0.00|0.00|0|55512312300010|
|C170|1|PROD003|MATERIAL BRUTO C|35.16|UN|8713.81|5102|00|7815.91|12.00|937.91|0.00|0.00|0.00|0.00|0.00|0.00|
|C170|2|PROD005|INSUMO INDUSTRIAL E|6.76|UN|176.10|5102|00|155.71|12.00|18.69|0.00|0.00|0.00|0.00|0.00|0.00|
|C170|3|PROD007|PARTE SOBRESSALENTE G|8.95|UN|915.71|5102|40|0.00|12.00|0.00|0.00|0.00|0.00|0.00|0.00|0.00|
|C100|1|0|98765432000188|55|00|000000168|000|16012024|16012024|1882.62|1629.44|195.53|0.00|0.00|0.00|0.00|0.00|0.00|0.00|0|99900011000155|
|C170|1|PROD001|PECA MECANICA TIPO A|22.80|UN|1882.62|6102|90|1629.44|12.00|195.53|0.00|0.00|0.00|0.00|0.00|0.00|
|C100|1|0|98765432000188|55|00|000000169|000|10012024|12012024|61222.55|4660.88|559.31|0.00|0.00|0.00|0.00|0.00|0.00|0.00|0|99900011000155|
|C170|1|PROD008|CONJUNTO MONTADO H|43.82|UN|54549.05|5403|70|0.00|12.00|0.00|0.00|0.00|0.00|0.00|0.00|0.00|
|C170|2|PROD006|EMBALAGEM PADRAO F|15.79|UN|110.02|5403|40|0.00|12.00|0.00|0.00|0.00|0.00|0.00|0.00|0.00|
|C170|3|PROD002|COMPONENTE ELETRICO B|42.81|UN|1693.41|5403|40|0.00|12.00|0.00|0.00|0.00|0.00|0.00|0.00|0.00|
|C170|4|PROD007|PARTE SOBRESSALENTE G|32.22|UN|4870.07|5403|00|4660.88|12.00|559.31|0.00|0.00|0.00|0.00|0.00|0.00|
|C100|1|0|98765432000188|55|00|000000170|000|26012024|27012024|34514.59|32500.95|3900.11|0.00|0.00|0.00|0.00|0.00|0.00|0.00|0|77788899000177|
|C170|1|PROD004|PRODUTO ACABADO D|40.67|UN|34256.05|6102|51|32500.95|12.00|3900.11|0.00|0.00|0.00|0.00|0.00|0.00|
|C170|2|PROD006|EMBALAGEM PADRAO F|29.11|UN|258.54|6102|40|0.00|12.00|0.00|0.00|0.00|0.00|0.00|0.00|0.00|
|C100|1|0|98765432000188|55|00|000000171|000|30012024|31012024|72911.64|70613.52|8473.63|0.00|0.00|0.00|0.00|0.00|0.00|0.00|0|55512312300010|
|C170|1|PROD004|PRODUTO ACABADO D|24.14|UN|21667.96|5403|10|20239.07|12.00|2428.69|0.00|0.00|0.00|0.00|0.00|0.00|
|C170|2|PROD006|EMBALAGEM PADRAO F|44.29|UN|447.36|5403|00|415.46|12.00|49.86|0.00|0.00|0.00|0.00|0.00|0.00|
|C170|3|PROD008|CONJUNTO MONTADO H|49.41|UN|50796.32|5403|00|49958.99|12.00|5995.08|0.00|0.00|0.00|0.00|0.00|0.00|
|C100|1|0|98765432000188|55|00|000000172|000|09012024|09012024|16262.53|14008.71|1681.05|0.00|0.00|0.00|0.00|0.00|0.00|0.00|0|99900011000155|
|C170|1|PROD004|PRODUTO ACABADO D|29.27|UN|16262.53|6102|20|14008.71|12.00|1681.05|0.00|0.00|0.00|0.00|0.00|0.00|
|C100|1|0|98765432000188|55|00|000000173|000|09012024|11012024|64928.72|62574.23|7508.91|0.00|0.00|0.00|0.00|0.00|0.00|0.00|0|22244466000133|
|C170|1|PROD008|CONJUNTO MONTADO H|49.97|UN|64928.72|5403|00|62574.23|12.00|7508.91|0.00|0.00|0.00|0.00|0.00|0.00|
|C100|1|0|98765432000188|55|00|000000174|000|12012024|14012024|73348.99|60080.60|7209.67|0.00|0.00|0.00|0.00|0.00|0.00|0.00|0|22244466000133|
|C170|1|PROD007|PARTE SOBRESSALENTE G|40.85|UN|5459.59|5102|60|0.00|12.00|0.00|0.00|0.00|0.00|0.00|0.00|0.00|
|C170|2|PROD004|PRODUTO ACABADO D|43.04|UN|37333.33|5102|90|32767.79|12.00|3932.13|0.00|0.00|0.00|0.00|0.00|0.00|
|C170|3|PROD008|CONJUNTO MONTADO H|25.36|UN|30556.07|5102|20|27312.81|12.00|3277.54|0.00|0.00|0.00|0.00|0.00|0.00|
|C100|1|0|98765432000188|55|00|000000175|000|15012024|15012024|49219.64|40046.28|4805.55|0.00|0.00|0.00|0.00|0.00|0.00|0.00|0|22244466000133|
|C170|1|PROD005|LINHA_CORROMPIDA|
|C170|2|PROD008|CONJUNTO MONTADO H|36.63|UN|39866.66|5101|00|39680.76|12.00|4761.69|0.00|0.00|0.00|0.00|0.00|0.00|
|C170|3|PROD006|EMBALAGEM PADRAO F|37.99|UN|297.87|5101|40|0.00|12.00|0.00|0.00|0.00|0.00|0.00|0.00|0.00|
|C170|4|PROD003|MATERIAL BRUTO C|29.69|UN|8675.41|5101|40|0.00|12.00|0.00|0.00|0.00|0.00|0.00|0.00|0.00|
|C100|1|0|98765432000188|55|00|000000176|000|24012024|24012024|65488.16|35362.67|4243.52|0.00|0.00|0.00|0.00|0.00|0.00|0.00|0|22244466000133|
|C170|1|PROD004|PRODUTO ACABADO D|28.98|UN|28367.98|5102|20|25856.85|12.00|3102.82|0.00|0.00|0.00|0.00|0.00|0.00|
|C170|2|PROD008|CONJUNTO MONTADO H|20.72|UN|26477.57|5102|30|0.00|12.00|0.00|0.00|0.00|0.00|0.00|0.00|0.00|
|C170|3|PROD007|PARTE SOBRESSALENTE G|48.78|UN|6901.25|5102|00|5880.42|12.00|705.65|0.00|0.00|0.00|0.00|0.00|0.00|
|C170|4|PROD005|INSUMO INDUSTRIAL E|34.46|UN|1210.24|5102|00|1166.13|12.00|139.94|0.00|0.00|0.00|0.00|0.00|0.00|
|C170|5|PROD002|COMPONENTE ELETRICO B|30.09|UN|2531.12|5102|20|2459.27|12.00|295.11|0.00|0.00|0.00|0.00|0.00|0.00|
|C100|1|0|98765432000188|55|00|000000177|000|17012024|17012024|43758.02|5925.11|711.01|0.00|0.00|0.00|0.00|0.00|0.00|0.00|0|22244466000133|
|C170|1|PROD007|PARTE SOBRESSALENTE G|47.02|UN|4607.22|6101|00|4469.38|12.00|536.33|0.00|0.00|0.00|0.00|0.00|0.00|
|C170|2|PROD004|PRODUTO ACABADO D|39.93|UN|33501.23|6101|40|0.00|12.00|0.00|0.00|0.00|0.00|0.00|0.00|0.00|
|C170|3|PROD006|EMBALAGEM PADRAO F|44.58|UN|383.35|6101|00|341.45|12.00|40.97|0.00|0.00|0.00|0.00|0.00|0.00|
|C170|4|PROD007|PARTE SOBRESSALENTE G|8.57|UN|1162.67|6101|20|1114.28|12.00|133.71|0.00|0.00|0.00|0.00|0.00|0.00|
|C170|5|PROD007|PARTE SOBRESSALENTE G|27.50|UN|4103.55|6101|70|0.00|12.00|0.00|0.00|0.00|0.00|0.00|0.00|0.00|
|C100|1|0|98765432000188|55|00|000000178|000|20012024|23012024|5371.00|4839.52|580.74|0.00|0.00|0.00|0.00|0.00|0.00|0.00|0|77788899000177|
|C170|1|PROD007|PARTE SOBRESSALENTE G|40.12|UN|5371.00|5401|00|4839.52|12.00|580.74|0.00|0.00|0.00|0.00|0.00|0.00|
|C100|1|0|98765432000188|55|00|000000179|000|15012024|16012024|6230.65|5595.31|671.43|0.00|0.00|0.00|0.00|0.00|0.00|0.00|0|33366699000100|
|C170|1|PROD004|PRODUTO ACABADO D|8.85|UN|4861.27|5403|90|4330.02|12.00|519.60|0.00|0.00|0.00|0.00|0.00|0.00|
|C170|2|PROD006|EMBALAGEM PADRAO F|24.36|UN|181.44|5403|51|176.17|12.00|21.14|0.00|0.00|0.00|0.00|0.00|0.00|
|C170|3|PROD001|PECA MECANICA TIPO A|10.50|UN|770.24|5403|00|671.94|12.00|80.63|0.00|0.00|0.00|0.00|0.00|0.00|
|C170|4|PROD005|INSUMO INDUSTRIAL E|10.11|UN|417.70|5403|10|417.18|12.00|50.06|0.00|0.00|0.00|0.00|0.00|0.00|
|C100|1|0|98765432000188|55|00|000000180|000|02012024|03012024|56732.41|53625.44|6435.05|0.00|0.00|0.00|0.00|0.00|0.00|0.00|0|77788899000177|
|C170|1|PROD006|EMBALAGEM PADRAO F|19.19|UN|155.44|5102|00|146.39|12.00|17.57|0.00|0.00|0.00|0.00|0.00|0.00|
|C170|2|PROD008|CONJUNTO MONTADO H|36.07|UN|26084.02|5102|90|25119.51|12.00|3014.34|0.00|0.00|0.00|0.00|0.00|0.00|
|C170|3|PROD003|MATERIAL BRUTO C|41.18|UN|13026.79|5102|00|11817.44|12.00|1418.09|0.00|0.00|0.00|0.00|0.00|0.00|
|C170|4|PROD008|CONJUNTO MONTADO H|17.42|UN|17466.16|5102|10|16542.10|12.00|1985.05|0.00|0.00|0.00|0.00|0.00|0.00|
|C100|1|0|98765432000188|55|00|000000181|000|15012024|18012024|14968.47|12788.20|1534.59|0.00|0.00|0.00|0.00|0.00|0.00|0.00|0|33366699000100|
|C170|1|PROD003|MATERIAL BRUTO C|38.24|UN|10945.53|6102|90|9405.25|12.00|1128.63|0.00|0.00|0.00|0.00|0.00|0.00|
|C170|2|PROD002|COMPONENTE ELETRICO B|40.13|UN|3059.03|6102|51|2783.46|12.00|334.02|0.00|0.00|0.00|0.00|0.00|0.00|
|C170|3|PROD006|EMBALAGEM PADRAO F|46.28|UN|363.78|6102|70|0.00|12.00|0.00|0.00|0.00|0.00|0.00|0.00|0.00|
|C170|4|PROD002|COMPONENTE ELETRICO B|10.51|UN|600.13|6102|00|599.49|12.00|71.94|0.00|0.00|0.00|0.00|0.00|0.00|
|C100|1|0|98765432000188|55|00|000000182|000|05012024|07012024|56652.30|19695.16|2363.42|0.00|0.00|0.00|0.00|0.00|0.00|0.00|0|77788899000177|
|C170|1|PROD002|COMPONENTE ELETRICO B|44.87|UN|3401.22|6102|50|0.00|12.00|0.00|0.00|0.00|0.00|0.00|0.00|0.00|
|C170|2|PROD008|CONJUNTO MONTADO H|25.37|UN|20894.80|6102|10|19577.58|12.00|2349.31|0.00|0.00|0.00|0.00|0.00|0.00|
|C170|3|PROD005|INSUMO INDUSTRIAL E|6.00|UN|127.70|6102|00|117.58|12.00|14.11|0.00|0.00|0.00|0.00|0.00|0.00|
|C170|4|PROD004|PRODUTO ACABADO D|38.57|UN|32228.58|6102|60|0.00|12.00|0.00|0.00|0.00|0.00|0.00|0.00|0.00|
|C100|1|0|98765432000188|55|00|000000183|000|18012024|20012024|40180.53|37738.78|4528.66|0.00|0.00|0.00|0.00|0.00|0.00|0.00|0|55512312300010|
|C170|1|PROD003|MATERIAL BRUTO C|11.02|UN|2939.84|5102|00|2583.13|12.00|309.98|0.00|0.00|0.00|0.00|0.00|0.00|
|C170|2|PROD008|CONJUNTO MONTADO H|44.46|UN|37240.69|5102|00|35155.65|12.00|4218.68|0.00|0.00|0.00|0.00|0.00|0.00|
|C100|1|0|98765432000188|55|00|000000184|000|07012024|09012024|27482.82|655.83|78.70|0.00|0.00|0.00|0.00|0.00|0.00|0.00|0|99900011000155|
|C170|1|PROD006|EMBALAGEM PADRAO F|44.65|UN|418.84|5401|00|385.21|12.00|46.23|0.00|0.00|0.00|0.00|0.00|0.00|
|C170|2|PROD008|CONJUNTO MONTADO H|22.55|UN|25142.28|5401|50|0.00|12.00|0.00|0.00|0.00|0.00|0.00|0.00|0.00|
|C170|3|PROD002|COMPONENTE ELETRICO B|32.44|UN|1636.48|5401|70|0.00|12.00|0.00|0.00|0.00|0.00|0.00|0.00|0.00|
|C170|4|PROD006|EMBALAGEM PADRAO F|34.20|UN|285.22|5401|20|270.62|12.00|32.47|0.00|0.00|0.00|0.00|0.00|0.00|
|C100|1|0|98765432000188|55|00|000000185|000|01012024|04012024|12344.38|5660.16|679.22|0.00|0.00|0.00|0.00|0.00|0.00|0.00|0|99900011000155|
|C170|1|PROD007|PARTE SOBRESSALENTE G|41.77|UN|3823.03|5401|10|3631.32|12.00|435.76|0.00|0.00|0.00|0.00|0.00|0.00|
|C170|2|PROD003|MATERIAL BRUTO C|27.43|UN|6401.34|5401|40|0.00|12.00|0.00|0.00|0.00|0.00|0.00|0.00|0.00|
|C170|3|PROD003|MATERIAL BRUTO C|8.71|UN|2120.01|5401|10|2028.84|12.00|243.46|0.00|0.00|0.00|0.00|0.00|0.00|
|C100|1|0|98765432000188|55|00|000000186|000|07012024|10012024|28432.24|4739.00|568.68|0.00|0.00|0.00|0.00|0.00|0.00|0.00|0|22244466000133|
|C170|1|PROD003|MATERIAL BRUTO C|11.46|UN|3670.73|6101|00|3452.26|12.00|414.27|0.00|0.00|0.00|0.00|0.00|0.00|
|C170|2|PROD002|COMPONENTE ELETRICO B|31.07|UN|1969.65|6101|60|0.00|12.00|0.00|0.00|0.00|0.00|0.00|0.00|0.00|
|C170|3|PROD006|EMBALAGEM PADRAO F|34.17|UN|294.89|6101|00|260.00|12.00|31.20|0.00|0.00|0.00|0.00|0.00|0.00|
|C170|4|PROD002|COMPONENTE ELETRICO B|34.98|UN|1093.35|6101|00|1026.74|12.00|123.21|0.00|0.00|0.00|0.00|0.00|0.00|
|C170|5|PROD008|CONJUNTO MONTADO H|19.33|UN|21403.62|6101|40|0.00|12.00|0.00|0.00|0.00|0.00|0.00|0.00|0.00|
|C100|1|0|98765432000188|55|00|000000187|000|26012024|28012024|84.86|81.51|9.78|0.00|0.00|0.00|0.00|0.00|0.00|0.00|0|33366699000100|
|C170|1|PROD002|COMPONENTE ELETRICO B|1.57|UN|84.86|5101|51|81.51|12.00|9.78|0.00|0.00|0.00|0.00|0.00|0.00|
|C100|1|0|98765432000188|55|00|000000188|000|13012024|13012024|26530.99|885.72|106.29|0.00|0.00|0.00|0.00|0.00|0.00|0.00|0|99900011000155|
|C170|1|PROD002|COMPONENTE ELETRICO B|15.59|UN|955.13|5403|40|0.00|12.00|0.00|0.00|0.00|0.00|0.00|0.00|0.00|
|C170|2|PROD003|MATERIAL BRUTO C|22.00|UN|4869.70|5403|40|0.00|12.00|0.00|0.00|0.00|0.00|0.00|0.00|0.00|
|C170|3|PROD004|PRODUTO ACABADO D|36.48|UN|19800.96|5403|40|0.00|12.00|0.00|0.00|0.00|0.00|0.00|0.00|0.00|
|C170|4|PROD001|PECA MECANICA TIPO A|12.32|UN|905.20|5403|10|885.72|12.00|106.29|0.00|0.00|0.00|0.00|0.00|0.00|
|C100|1|0|98765432000188|55|00|000000189|000|06012024|07012024|15694.05|2204.37|264.52|0.00|0.00|0.00|0.00|0.00|0.00|0.00|0|22244466000133|
|C170|1|PROD003|MATERIAL BRUTO C|34.17|UN|8346.41|5101|40|0.00|12.00|0.00|0.00|0.00|0.00|0.00|0.00|0.00|
|C170|2|PROD007|PARTE SOBRESSALENTE G|49.30|UN|4843.13|5101|40|0.00|12.00|0.00|0.00|0.00|0.00|0.00|0.00|0.00|
|C170|3|PROD002|COMPONENTE ELETRICO B|31.14|UN|2504.51|5101|00|2204.37|12.00|264.52|0.00|0.00|0.00|0.00|0.00|0.00|
|C100|1|0|98765432000188|55|00|000000190|000|12012024|14012024|11732.47|10729.02|1287.48|0.00|0.00|0.00|0.00|0.00|0.00|0.00|0|99900011000155|
|C170|1|PROD004|PRODUTO ACABADO D|19.03|UN|10196.39|6102|00|9417.28|12.00|1130.07|0.00|0.00|0.00|0.00|0.00|0.00|
|C170|2|PROD004|PRODUTO ACABADO D|2.53|UN|1448.99|6102|51|1235.05|12.00|148.21|0.00|0.00|0.00|0.00|0.00|0.00|
|C170|3|PROD006|EMBALAGEM PADRAO F|8.18|UN|87.09|6102|20|76.69|12.00|9.20|0.00|0.00|0.00|0.00|0.00|0.00|
|C100|1|0|98765432000188|55|00|000000191|000|08012024|09012024|9034.41|7867.94|944.15|0.00|0.00|0.00|0.00|0.00|0.00|0.00|0|22244466000133|
|C170|1|PROD006|EMBALAGEM PADRAO F|9.33|UN|94.34|5401|00|87.34|12.00|10.48|0.00|0.00|0.00|0.00|0.00|0.00|
|C170|2|PROD004|PRODUTO ACABADO D|14.13|UN|8513.50|5401|90|7780.60|12.00|933.67|0.00|0.00|0.00|0.00|0.00|0.00|
|C170|3|PROD006|EMBALAGEM PADRAO F|20.18|UN|213.50|5401|40|0.00|12.00|0.00|0.00|0.00|0.00|0.00|0.00|0.00|
|C170|4|PROD007|PARTE SOBRESSALENTE G|2.64|UN|213.07|5401|30|0.00|12.00|0.00|0.00|0.00|0.00|0.00|0.00|0.00|
|C100|1|0|98765432000188|55|00|000000192|000|13012024|13012024|11149.99|5327.13|639.26|0.00|0.00|0.00|0.00|0.00|0.00|0.00|0|22244466000133|
|C170|1|PROD002|COMPONENTE ELETRICO B|46.27|UN|2526.61|6102|41|0.00|12.00|0.00|0.00|0.00|0.00|0.00|0.00|0.00|
|C170|2|PROD007|PARTE SOBRESSALENTE G|44.44|UN|5788.13|6102|00|5327.13|12.00|639.26|0.00|0.00|0.00|0.00|0.00|0.00|
|C170|3|PROD002|COMPONENTE ELETRICO B|18.51|UN|925.09|6102|70|0.00|12.00|0.00|0.00|0.00|0.00|0.00|0.00|0.00|
|C170|4|PROD003|MATERIAL BRUTO C|5.48|UN|1910.16|6102|41|0.00|12.00|0.00|0.00|0.00|0.00|0.00|0.00|0.00|
|C100|1|0|98765432000188|55|00|000000193|000|22012024|22012024|52917.27|0.00|0.00|0.00|0.00|0.00|0.00|0.00|0.00|0.00|0|99900011000155|
|C170|1|PROD004|PRODUTO ACABADO D|15.34|UN|14573.58|6101|40|0.00|12.00|0.00|0.00|0.00|0.00|0.00|0.00|0.00|
|C170|2|PROD008|CONJUNTO MONTADO H|33.43|UN|38343.69|6101|40|0.00|12.00|0.00|0.00|0.00|0.00|0.00|0.00|0.00|
|C100|1|0|98765432000188|55|00|000000194|000|10012024|12012024|11532.02|10568.33|1268.20|0.00|0.00|0.00|0.00|0.00|0.00|0.00|0|55512312300010|
|C170|1|PROD006|EMBALAGEM PADRAO F|48.11|UN|521.96|5403|00|482.32|12.00|57.88|0.00|0.00|0.00|0.00|0.00|0.00|
|C170|2|PROD004|PRODUTO ACABADO D|11.46|UN|11010.06|5403|00|10086.01|12.00|1210.32|0.00|0.00|0.00|0.00|0.00|0.00|
|C100|1|0|98765432000188|55|00|000000195|000|29012024|29012024|9918.60|4283.20|513.98|0.00|0.00|0.00|0.00|0.00|0.00|0.00|0|99900011000155|
|C170|1|PROD002|COMPONENTE ELETRICO B|17.26|UN|932.17|6102|60|0.00|12.00|0.00|0.00|0.00|0.00|0.00|0.00|0.00|
|C170|2|PROD008|CONJUNTO MONTADO H|5.31|UN|4425.04|6102|30|0.00|12.00|0.00|0.00|0.00|0.00|0.00|0.00|0.00|
|C170|3|PROD001|PECA MECANICA TIPO A|44.80|UN|4561.39|6102|20|4283.20|12.00|513.98|0.00|0.00|0.00|0.00|0.00|0.00|
|C100|1|0|98765432000188|55|00|000000196|000|17012024|18012024|9294.38|0.00|0.00|0.00|0.00|0.00|0.00|0.00|0.00|0.00|0|99900011000155|
|C170|1|PROD002|COMPONENTE ELETRICO B|41.15|UN|2384.70|5403|40|0.00|12.00|0.00|0.00|0.00|0.00|0.00|0.00|0.00|
|C170|2|PROD003|MATERIAL BRUTO C|25.66|UN|6653.91|5403|40|0.00|12.00|0.00|0.00|0.00|0.00|0.00|0.00|0.00|
|C170|3|PROD001|PECA MECANICA TIPO A|3.83|UN|255.77|5403|30|0.00|12.00|0.00|0.00|0.00|0.00|0.00|0.00|0.00|
|C100|1|0|98765432000188|55|00|000000197|000|21012024|24012024|48099.20|26340.82|3160.90|0.00|0.00|0.00|0.00|0.00|0.00|0.00|0|99900011000155|
|C170|1|PROD007|PARTE SOBRESSALENTE G|15.61|UN|2341.34|5401|10|2175.71|12.00|261.09|0.00|0.00|0.00|0.00|0.00|0.00|
|C170|2|PROD008|CONJUNTO MONTADO H|30.15|UN|24834.72|5401|00|24165.11|12.00|2899.81|0.00|0.00|0.00|0.00|0.00|0.00|
|C170|3|PROD002|COMPONENTE ELETRICO B|34.62|UN|1778.86|5401|50|0.00|12.00|0.00|0.00|0.00|0.00|0.00|0.00|0.00|
|C170|4|PROD008|CONJUNTO MONTADO H|25.72|UN|19144.28|5401|30|0.00|12.00|0.00|0.00|0.00|0.00|0.00|0.00|0.00|
|C100|1|0|98765432000188|55|00|000000198|000|07012024|09012024|26268.46|5502.42|660.28|0.00|0.00|0.00|0.00|0.00|0.00|0.00|0|55512312300010|
|C170|1|PROD005|INSUMO INDUSTRIAL E|40.32|UN|835.37|5401|20|765.36|12.00|91.84|0.00|0.00|0.00|0.00|0.00|0.00|
|C170|2|PROD004|PRODUTO ACABADO D|23.52|UN|20052.15|5401|40|0.00|12.00|0.00|0.00|0.00|0.00|0.00|0.00|0.00|
|C170|3|PROD001|PECA MECANICA TIPO A|33.20|UN|3707.77|5401|20|3255.20|12.00|390.62|0.00|0.00|0.00|0.00|0.00|0.00|
|C170|4|PROD003|MATERIAL BRUTO C|6.67|UN|1673.17|5401|90|1481.86|12.00|177.82|0.00|0.00|0.00|0.00|0.00|0.00|
|C100|1|0|98765432000188|55|00|000000199|000|27012024|30012024|40341.10|36936.56|4432.38|0.00|0.00|0.00|0.00|0.00|0.00|0.00|0|99900011000155|
|C170|1|PROD008|CONJUNTO MONTADO H|25.63|UN|34562.00|6102|00|32296.61|12.00|3875.59|0.00|0.00|0.00|0.00|0.00|0.00|
|C170|2|PROD005|INSUMO INDUSTRIAL E|32.30|UN|521.37|6102|50|0.00|12.00|0.00|0.00|0.00|0.00|0.00|0.00|0.00|
|C170|3|PROD004|PRODUTO ACABADO D|7.01|UN|5257.73|6102|00|4639.95|12.00|556.79|0.00|0.00|0.00|0.00|0.00|0.00|
|C100|1|0|98765432000188|55|00|000000200|000|28012024|31012024|8345.97|4191.99|503.04|0.00|0.00|0.00|0.00|0.00|0.00|0.00|0|77788899000177|
|C170|1|PROD001|PECA MECANICA TIPO A|1.02|UN|112.15|6102|00|101.03|12.00|12.12|0.00|0.00|0.00|0.00|0.00|0.00|
|C170|2|PROD007|PARTE SOBRESSALENTE G|42.88|UN|4091.99|6102|30|0.00|12.00|0.00|0.00|0.00|0.00|0.00|0.00|0.00|
|C170|3|PROD005|INSUMO INDUSTRIAL E|6.19|UN|239.24|6102|00|209.97|12.00|25.20|0.00|0.00|0.00|0.00|0.00|0.00|
|C170|4|PROD003|MATERIAL BRUTO C|15.42|UN|3902.59|6102|20|3880.99|12.00|465.72|0.00|0.00|0.00|0.00|0.00|0.00|
|C100|1|0|98765432000188|55|00|000000201|000|30012024|01022024|40674.01|0.00|0.00|0.00|0.00|0.00|0.00|0.00|0.00|0.00|0|55512312300010|
|C170|1|PROD004|PRODUTO ACABADO D|45.80|UN|40674.01|6101|40|0.00|12.00|0.00|0.00|0.00|0.00|0.00|0.00|0.00|
|C100|1|0|98765432000188|55|00|000000202|000|19012024|19012024|12956.34|10180.81|1221.70|0.00|0.00|0.00|0.00|0.00|0.00|0.00|0|99900011000155|
|C170|1|PROD006|EMBALAGEM PADRAO F|6.92|UN|39.17|5102|50|0.00|12.00|0.00|0.00|0.00|0.00|0.00|0.00|0.00|
|C170|2|PROD006|EMBALAGEM PADRAO F|40.72|UN|267.10|5102|60|0.00|12.00|0.00|0.00|0.00|0.00|0.00|0.00|0.00|
|C170|3|PROD001|PECA MECANICA TIPO A|21.18|UN|1708.14|5102|30|0.00|12.00|0.00|0.00|0.00|0.00|0.00|0.00|0.00|
|C170|4|PROD003|MATERIAL BRUTO C|39.95|UN|10941.93|5102|20|10180.81|12.00|1221.70|0.00|0.00|0.00|0.00|0.00|0.00|
|C100|1|0|98765432000188|55|00|000000203|000|20012024|21012024|7577.94|6018.00|722.16|0.00|0.00|0.00|0.00|0.00|0.00|0.00|0|33366699000100|
|C170|1|PROD006|EMBALAGEM PADRAO F|47.44|UN|519.46|6101|60|0.00|12.00|0.00|0.00|0.00|0.00|0.00|0.00|0.00|
|C170|2|PROD007|PARTE SOBRESSALENTE G|47.76|UN|7058.48|6101|90|6018.00|12.00|722.16|0.00|0.00|0.00|0.00|0.00|0.00|
|C100|1|0|98765432000188|55|00|000000204|000|20012024|23012024|31036.06|28749.28|3449.91|0.00|0.00|0.00|0.00|0.00|0.00|0.00|0|55512312300010|
|C170|1|PROD008|CONJUNTO MONTADO H|40.83|UN|30699.52|5101|00|28749.28|12.00|3449.91|0.00|0.00|0.00|0.00|0.00|0.00|
|C170|2|PROD002|COMPONENTE ELETRICO B|9.00|UN|336.54|5101|40|0.00|12.00|0.00|0.00|0.00|0.00|0.00|0.00|0.00|
|C100|1|0|98765432000188|55|00|000000205|000|02012024|02012024|101232.27|4656.41|558.77|0.00|0.00|0.00|0.00|0.00|0.00|0.00|0|33366699000100|
|C170|1|PROD007|PARTE SOBRESSALENTE G|26.59|UN|2868.52|5102|00|2631.42|12.00|315.77|0.00|0.00|0.00|0.00|0.00|0.00|
|C170|2|PROD001|PECA MECANICA TIPO A|27.50|UN|2123.58|5102|00|2024.99|12.00|243.00|0.00|0.00|0.00|0.00|0.00|0.00|
|C170|3|PROD008|CONJUNTO MONTADO H|44.92|UN|62309.39|5102|60|0.00|12.00|0.00|0.00|0.00|0.00|0.00|0.00|0.00|
|C170|4|PROD004|PRODUTO ACABADO D|39.66|UN|33930.78|5102|40|0.00|12.00|0.00|0.00|0.00|0.00|0.00|0.00|0.00|
|C100|1|0|98765432000188|55|00|000000206|000|30012024|30012024|25298.09|7939.76|952.76|0.00|0.00|0.00|0.00|0.00|0.00|0.00|0|77788899000177|
|C170|1|PROD008|CONJUNTO MONTADO H|9.23|UN|7225.01|5403|20|7042.36|12.00|845.08|0.00|0.00|0.00|0.00|0.00|0.00|
|C170|2|PROD003|MATERIAL BRUTO C|4.11|UN|872.47|5403|00|837.12|12.00|100.45|0.00|0.00|0.00|0.00|0.00|0.00|
|C170|3|PROD001|PECA MECANICA TIPO A|43.31|UN|4319.41|5403|41|0.00|12.00|0.00|0.00|0.00|0.00|0.00|0.00|0.00|
|C170|4|PROD003|MATERIAL BRUTO C|43.87|UN|12816.91|5403|40|0.00|12.00|0.00|0.00|0.00|0.00|0.00|0.00|0.00|
|C170|5|PROD006|EMBALAGEM PADRAO F|11.86|UN|64.29|5403|10|60.28|12.00|7.23|0.00|0.00|0.00|0.00|0.00|0.00|
|C100|1|0|98765432000188|55|00|000000207|000|25012024|28012024|3272.73|0.00|0.00|0.00|0.00|0.00|0.00|0.00|0.00|0.00|0|99900011000155|
|C170|1|PROD001|PECA MECANICA TIPO A|11.84|UN|1247.03|6101|50|0.00|12.00|0.00|0.00|0.00|0.00|0.00|0.00|0.00|
|C170|2|PROD007|PARTE SOBRESSALENTE G|17.70|UN|2025.70|6101|40|0.00|12.00|0.00|0.00|0.00|0.00|0.00|0.00|0.00|
|C100|1|0|98765432000188|55|00|000000208|000|23012024|23012024|28803.48|25606.16|3072.74|0.00|0.00|0.00|0.00|0.00|0.00|0.00|0|99900011000155|
|C170|1|PROD006|EMBALAGEM PADRAO F|48.38|UN|363.80|5101|10|314.09|12.00|37.69|0.00|0.00|0.00|0.00|0.00|0.00|
|C170|2|PROD006|EMBALAGEM PADRAO F|7.91|UN|42.23|5101|00|38.57|12.00|4.63|0.00|0.00|0.00|0.00|0.00|0.00|
|C170|3|PROD005|INSUMO INDUSTRIAL E|26.42|UN|685.17|5101|00|593.00|12.00|71.16|0.00|0.00|0.00|0.00|0.00|0.00|
|C170|4|PROD004|PRODUTO ACABADO D|34.76|UN|26672.26|5101|00|23692.07|12.00|2843.05|0.00|0.00|0.00|0.00|0.00|0.00|
|C170|5|PROD005|INSUMO INDUSTRIAL E|40.02|UN|1040.02|5101|00|968.43|12.00|116.21|0.00|0.00|0.00|0.00|0.00|0.00|
|C100|1|0|98765432000188|55|00|000000209|000|23012024|26012024|8491.41|3735.74|448.29|0.00|0.00|0.00|0.00|0.00|0.00|0.00|0|55512312300010|
|C170|1|PROD001|PECA MECANICA TIPO A|14.39|UN|1287.12|5101|00|1203.34|12.00|144.40|0.00|0.00|0.00|0.00|0.00|0.00|
|C170|2|PROD007|PARTE SOBRESSALENTE G|18.27|UN|2660.04|5101|00|2532.40|12.00|303.89|0.00|0.00|0.00|0.00|0.00|0.00|
|C170|3|PROD007|PARTE SOBRESSALENTE G|42.63|UN|4544.25|5101|60|0.00|12.00|0.00|0.00|0.00|0.00|0.00|0.00|0.00|
|C100|1|0|98765432000188|55|00|000000210|000|02012024|05012024|25754.14|15693.89|1883.27|0.00|0.00|0.00|0.00|0.00|0.00|0.00|0|99900011000155|
|C170|1|PROD003|MATERIAL BRUTO C|31.29|UN|8823.66|5102|50|0.00|12.00|0.00|0.00|0.00|0.00|0.00|0.00|0.00|
|C170|2|PROD004|PRODUTO ACABADO D|29.00|UN|15067.06|5102|00|14182.00|12.00|1701.84|0.00|0.00|0.00|0.00|0.00|0.00|
|C170|3|PROD005|INSUMO INDUSTRIAL E|14.44|UN|335.47|5102|40|0.00|12.00|0.00|0.00|0.00|0.00|0.00|0.00|0.00|
|C170|4|PROD002|COMPONENTE ELETRICO B|33.24|UN|1527.95|5102|10|1511.89|12.00|181.43|0.00|0.00|0.00|0.00|0.00|0.00|
|C100|1|0|98765432000188|55|00|000000211|000|30012024|02022024|2224.81|1970.37|236.45|0.00|0.00|0.00|0.00|0.00|0.00|0.00|0|22244466000133|
|C170|1|PROD007|PARTE SOBRESSALENTE G|15.10|UN|1698.19|5102|10|1465.26|12.00|175.83|0.00|0.00|0.00|0.00|0.00|0.00|
|C170|2|PROD006|EMBALAGEM PADRAO F|30.43|UN|225.78|5102|00|205.15|12.00|24.62|0.00|0.00|0.00|0.00|0.00|0.00|
|C170|3|PROD006|EMBALAGEM PADRAO F|42.98|UN|300.84|5102|00|299.96|12.00|36.00|0.00|0.00|0.00|0.00|0.00|0.00|
|C100|1|0|98765432000188|55|00|000000212|000|04012024|07012024|82949.69|46583.62|5590.03|0.00|0.00|0.00|0.00|0.00|0.00|0.00|0|22244466000133|
|C170|1|PROD008|CONJUNTO MONTADO H|39.33|UN|46432.61|5401|00|45085.87|12.00|5410.30|0.00|0.00|0.00|0.00|0.00|0.00|
|C170|2|PROD003|MATERIAL BRUTO C|47.91|UN|10190.99|5401|41|0.00|12.00|0.00|0.00|0.00|0.00|0.00|0.00|0.00|
|C170|3|PROD008|CONJUNTO MONTADO H|19.96|UN|24712.68|5401|30|0.00|12.00|0.00|0.00|0.00|0.00|0.00|0.00|0.00|
|C170|4|PROD002|COMPONENTE ELETRICO B|22.33|UN|1613.41|5401|10|1497.75|12.00|179.73|0.00|0.00|0.00|0.00|0.00|0.00|
|C100|1|0|98765432000188|55|00|000000213|000|26012024|29012024|76586.77|50115.52|6013.86|0.00|0.00|0.00|0.00|0.00|0.00|0.00|0|33366699000100|
|C170|1|PROD008|CONJUNTO MONTADO H|20.40|UN|19680.92|6101|50|0.00|12.00|0.00|0.00|0.00|0.00|0.00|0.00|0.00|
|C170|2|PROD008|CONJUNTO MONTADO H|37.55|UN|47884.88|6101|00|41838.00|12.00|5020.56|0.00|0.00|0.00|0.00|0.00|0.00|
|C170|3|PROD006|EMBALAGEM PADRAO F|44.95|UN|483.16|6101|20|420.26|12.00|50.43|0.00|0.00|0.00|0.00|0.00|0.00|
|C170|4|PROD004|PRODUTO ACABADO D|5.25|UN|4988.29|6101|10|4444.70|12.00|533.36|0.00|0.00|0.00|0.00|0.00|0.00|
|C170|5|PROD001|PECA MECANICA TIPO A|48.09|UN|3549.52|6101|10|3412.56|12.00|409.51|0.00|0.00|0.00|0.00|0.00|0.00|
|C100|1|0|98765432000188|55|00|000000214|000|01012024|03012024|31765.07|16919.04|2030.29|0.00|0.00|0.00|0.00|0.00|0.00|0.00|0|55512312300010|
|C170|1|PROD007|PARTE SOBRESSALENTE G|18.74|UN|2771.80|6102|10|2418.48|12.00|290.22|0.00|0.00|0.00|0.00|0.00|0.00|
|C170|2|PROD003|MATERIAL BRUTO C|31.67|UN|10648.74|6102|60|0.00|12.00|0.00|0.00|0.00|0.00|0.00|0.00|0.00|
|C170|3|PROD004|PRODUTO ACABADO D|17.19|UN|14929.88|6102|00|12956.96|12.00|1554.84|0.00|0.00|0.00|0.00|0.00|0.00|
|C170|4|PROD001|PECA MECANICA TIPO A|14.34|UN|1638.83|6102|00|1543.60|12.00|185.23|0.00|0.00|0.00|0.00|0.00|0.00|
|C170|5|PROD002|COMPONENTE ELETRICO B|41.64|UN|1775.82|6102|40|0.00|12.00|0.00|0.00|0.00|0.00|0.00|0.00|0.00|
|C100|1|0|98765432000188|55|00|000000215|000|05012024|06012024|311.95|277.83|33.34|0.00|0.00|0.00|0.00|0.00|0.00|0.00|0|77788899000177|
|C170|1|PROD001|PECA MECANICA TIPO A|5.17|UN|311.95|6102|51|277.83|12.00|33.34|0.00|0.00|0.00|0.00|0.00|0.00|
|C100|1|0|98765432000188|55|00|000000216|000|29012024|30012024|1981.12|0.00|0.00|0.00|0.00|0.00|0.00|0.00|0.00|0.00|0|33366699000100|
|C170|1|PROD007|PARTE SOBRESSALENTE G|14.58|UN|1981.12|6102|41|0.00|12.00|0.00|0.00|0.00|0.00|0.00|0.00|0.00|
|C100|1|0|98765432000188|55|00|000000217|000|28012024|28012024|22003.55|18723.01|2246.76|0.00|0.00|0.00|0.00|0.00|0.00|0.00|0|33366699000100|
|C170|1|PROD005|INSUMO INDUSTRIAL E|34.37|UN|1104.83|6101|51|1018.94|12.00|122.27|0.00|0.00|0.00|0.00|0.00|0.00|
|C170|2|PROD003|MATERIAL BRUTO C|38.34|UN|8537.39|6101|51|7314.58|12.00|877.75|0.00|0.00|0.00|0.00|0.00|0.00|
|C170|3|PROD008|CONJUNTO MONTADO H|8.28|UN|11175.87|6101|20|10389.49|12.00|1246.74|0.00|0.00|0.00|0.00|0.00|0.00|
|C170|4|PROD007|PARTE SOBRESSALENTE G|12.18|UN|1185.46|6101|40|0.00|12.00|0.00|0.00|0.00|0.00|0.00|0.00|0.00|
|C100|1|0|98765432000188|55|00|000000218|000|28012024|28012024|510.73|0.00|0.00|0.00|0.00|0.00|0.00|0.00|0.00|0.00|0|99900011000155|
|C170|1|PROD006|EMBALAGEM PADRAO F|48.05|UN|510.73|6101|40|0.00|12.00|0.00|0.00|0.00|0.00|0.00|0.00|0.00|
|C100|1|0|98765432000188|55|00|000000219|000|28012024|30012024|25510.65|10202.06|1224.24|0.00|0.00|0.00|0.00|0.00|0.00|0.00|0|77788899000177|
|C170|1|PROD003|MATERIAL BRUTO C|22.33|UN|5192.13|5102|10|4805.78|12.00|576.69|0.00|0.00|0.00|0.00|0.00|0.00|
|C170|2|PROD004|PRODUTO ACABADO D|23.13|UN|14699.29|5102|70|0.00|12.00|0.00|0.00|0.00|0.00|0.00|0.00|0.00|
|C170|3|PROD007|PARTE SOBRESSALENTE G|18.00|UN|1623.15|5102|00|1550.66|12.00|186.08|0.00|0.00|0.00|0.00|0.00|0.00|
|C170|4|PROD007|PARTE SOBRESSALENTE G|25.61|UN|3996.08|5102|00|3845.62|12.00|461.47|0.00|0.00|0.00|0.00|0.00|0.00|
|C100|1|0|98765432000188|55|00|000000220|000|27012024|28012024|5852.54|182.76|21.93|0.00|0.00|0.00|0.00|0.00|0.00|0.00|0|22244466000133|
|C170|1|PROD003|MATERIAL BRUTO C|10.93|UN|2376.73|5401|60|0.00|12.00|0.00|0.00|0.00|0.00|0.00|0.00|0.00|
|C170|2|PROD002|COMPONENTE ELETRICO B|48.53|UN|3269.95|5401|41|0.00|12.00|0.00|0.00|0.00|0.00|0.00|0.00|0.00|
|C170|3|PROD006|EMBALAGEM PADRAO F|28.12|UN|205.86|5401|90|182.76|12.00|21.93|0.00|0.00|0.00|0.00|0.00|0.00|
|C100|1|0|98765432000188|55|00|000000221|000|08012024|09012024|46482.34|31168.75|3740.25|0.00|0.00|0.00|0.00|0.00|0.00|0.00|0|33366699000100|
|C170|1|PROD002|COMPONENTE ELETRICO B|19.61|UN|996.72|6101|00|866.42|12.00|103.97|0.00|0.00|0.00|0.00|0.00|0.00|
|C170|2|PROD008|CONJUNTO MONTADO H|27.75|UN|29046.29|6101|10|27723.07|12.00|3326.77|0.00|0.00|0.00|0.00|0.00|0.00|
|C170|3|PROD004|PRODUTO ACABADO D|25.53|UN|13731.74|6101|40|0.00|12.00|0.00|0.00|0.00|0.00|0.00|0.00|0.00|
|C170|4|PROD004|PRODUTO ACABADO D|3.73|UN|2707.59|6101|00|2579.26|12.00|309.51|0.00|0.00|0.00|0.00|0.00|0.00|
|C100|1|0|98765432000188|55|00|000000222|000|23012024|26012024|3375.07|1483.95|178.08|0.00|0.00|0.00|0.00|0.00|0.00|0.00|0|77788899000177|
|C170|1|PROD005|INSUMO INDUSTRIAL E|35.76|UN|918.98|6101|00|871.40|12.00|104.57|0.00|0.00|0.00|0.00|0.00|0.00|
|C170|2|PROD001|PECA MECANICA TIPO A|24.56|UN|1735.93|6101|60|0.00|12.00|0.00|0.00|0.00|0.00|0.00|0.00|0.00|
|C170|3|PROD007|PARTE SOBRESSALENTE G|5.03|UN|720.16|6101|00|612.55|12.00|73.51|0.00|0.00|0.00|0.00|0.00|0.00|
|C100|1|0|98765432000188|55|00|000000223|000|01012024|04012024|48474.66|45428.73|5451.45|0.00|0.00|0.00|0.00|0.00|0.00|0.00|0|55512312300010|
|C170|1|PROD008|CONJUNTO MONTADO H|43.50|UN|42076.73|5101|10|40232.68|12.00|4827.92|0.00|0.00|0.00|0.00|0.00|0.00|
|C170|2|PROD003|MATERIAL BRUTO C|16.28|UN|5531.99|5101|00|5196.05|12.00|623.53|0.00|0.00|0.00|0.00|0.00|0.00|
|C170|3|PROD005|INSUMO INDUSTRIAL E|31.00|UN|865.94|5101|50|0.00|12.00|0.00|0.00|0.00|0.00|0.00|0.00|0.00|
|C100|1|0|98765432000188|55|00|000000224|000|08012024|09012024|6163.78|2446.44|293.57|0.00|0.00|0.00|0.00|0.00|0.00|0.00|0|33366699000100|
|C170|1|PROD007|PARTE SOBRESSALENTE G|22.18|UN|2865.45|5102|00|2446.44|12.00|293.57|0.00|0.00|0.00|0.00|0.00|0.00|
|C170|2|PROD008|CONJUNTO MONTADO H|3.24|UN|2735.27|5102|40|0.00|12.00|0.00|0.00|0.00|0.00|0.00|0.00|0.00|
|C170|3|PROD002|COMPONENTE ELETRICO B|12.09|UN|563.06|5102|40|0.00|12.00|0.00|0.00|0.00|0.00|0.00|0.00|0.00|
|C100|1|0|98765432000188|55|00|000000225|000|24012024|26012024|5146.98|4651.17|558.14|0.00|0.00|0.00|0.00|0.00|0.00|0.00|0|33366699000100|
|C170|1|PROD006|EMBALAGEM PADRAO F|46.70|UN|400.66|6101|00|383.26|12.00|45.99|0.00|0.00|0.00|0.00|0.00|0.00|
|C170|2|PROD006|EMBALAGEM PADRAO F|46.59|UN|520.87|6101|00|487.48|12.00|58.50|0.00|0.00|0.00|0.00|0.00|0.00|
|C170|3|PROD005|INSUMO INDUSTRIAL E|8.52|UN|267.41|6101|00|244.83|12.00|29.38|0.00|0.00|0.00|0.00|0.00|0.00|
|C170|4|PROD001|PECA MECANICA TIPO A|46.00|UN|3958.04|6101|20|3535.60|12.00|424.27|0.00|0.00|0.00|0.00|0.00|0.00|
|C100|1|0|98765432000188|55|00|000000226|000|31012024|01022024|788.74|736.30|88.36|0.00|0.00|0.00|0.00|0.00|0.00|0.00|0|55512312300010|
|C170|1|PROD002|COMPONENTE ELETRICO B|10.12|UN|788.74|5102|10|736.30|12.00|88.36|0.00|0.00|0.00|0.00|0.00|0.00|
|C100|1|0|98765432000188|55|00|000000227|000|01012024|03012024|44054.10|40565.68|4867.88|0.00|0.00|0.00|0.00|0.00|0.00|0.00|0|22244466000133|
|C170|1|PROD006|EMBALAGEM PADRAO F|36.86|UN|410.99|5403|51|381.73|12.00|45.81|0.00|0.00|0.00|0.00|0.00|0.00|
|C170|2|PROD008|CONJUNTO MONTADO H|40.08|UN|43643.11|5403|10|40183.95|12.00|4822.07|0.00|0.00|0.00|0.00|0.00|0.00|
|C100|1|0|98765432000188|55|00|000000228|000|09012024|09012024|1535.17|1386.24|166.35|0.00|0.00|0.00|0.00|0.00|0.00|0.00|0|22244466000133|
|C170|1|PROD002|COMPONENTE ELETRICO B|19.86|UN|1535.17|5403|90|1386.24|12.00|166.35|0.00|0.00|0.00|0.00|0.00|0.00|
|C100|1|0|98765432000188|55|00|000000229|000|01012024|04012024|27290.06|1515.95|181.91|0.00|0.00|0.00|0.00|0.00|0.00|0.00|0|55512312300010|
|C170|1|PROD002|COMPONENTE ELETRICO B|42.77|UN|1565.88|5403|90|1515.95|12.00|181.91|0.00|0.00|0.00|0.00|0.00|0.00|
|C170|2|PROD008|CONJUNTO MONTADO H|32.61|UN|25724.18|5403|40|0.00|12.00|0.00|0.00|0.00|0.00|0.00|0.00|0.00|
|C100|1|0|98765432000188|55|00|000000230|000|28012024|31012024|24550.19|23564.42|2827.73|0.00|0.00|0.00|0.00|0.00|0.00|0.00|0|77788899000177|
|C170|1|PROD004|PRODUTO ACABADO D|38.37|UN|21644.00|6101|00|20963.66|12.00|2515.64|0.00|0.00|0.00|0.00|0.00|0.00|
|C170|2|PROD007|PARTE SOBRESSALENTE G|30.34|UN|2906.19|6101|00|2600.76|12.00|312.09|0.00|0.00|0.00|0.00|0.00|0.00|
|C100|1|0|98765432000188|55|00|000000231|000|21012024|24012024|3490.49|3093.36|371.21|0.00|0.00|0.00|0.00|0.00|0.00|0.00|0|33366699000100|
|C170|1|PROD006|EMBALAGEM PADRAO F|20.71|UN|199.26|6101|10|195.90|12.00|23.51|0.00|0.00|0.00|0.00|0.00|0.00|
|C170|2|PROD001|PECA MECANICA TIPO A|27.61|UN|3291.23|6101|00|2897.46|12.00|347.70|0.00|0.00|0.00|0.00|0.00|0.00|
|C100|1|0|98765432000188|55|00|000000232|000|07012024|09012024|20790.07|18581.58|2229.78|0.00|0.00|0.00|0.00|0.00|0.00|0.00|0|33366699000100|
|C170|1|PROD005|INSUMO INDUSTRIAL E|48.36|UN|1584.37|6101|90|1536.44|12.00|184.37|0.00|0.00|0.00|0.00|0.00|0.00|
|C170|2|PROD008|CONJUNTO MONTADO H|18.22|UN|14720.72|6101|00|12773.95|12.00|1532.87|0.00|0.00|0.00|0.00|0.00|0.00|
|C170|3|PROD001|PECA MECANICA TIPO A|43.77|UN|4484.98|6101|20|4271.19|12.00|512.54|0.00|0.00|0.00|0.00|0.00|0.00|
|C100|1|0|98765432000188|55|00|000000233|000|25012024|25012024|76967.62|29690.00|3562.80|0.00|0.00|0.00|0.00|0.00|0.00|0.00|0|22244466000133|
|C170|1|PROD006|EMBALAGEM PADRAO F|5.65|UN|55.52|5401|40|0.00|12.00|0.00|0.00|0.00|0.00|0.00|0.00|0.00|
|C170|2|PROD008|CONJUNTO MONTADO H|29.39|UN|39617.72|5401|40|0.00|12.00|0.00|0.00|0.00|0.00|0.00|0.00|0.00|
|C170|3|PROD007|PARTE SOBRESSALENTE G|41.19|UN|5953.21|5401|40|0.00|12.00|0.00|0.00|0.00|0.00|0.00|0.00|0.00|
|C170|4|PROD003|MATERIAL BRUTO C|29.06|UN|6937.34|5401|00|6153.50|12.00|738.42|0.00|0.00|0.00|0.00|0.00|0.00|
|C170|5|PROD008|CONJUNTO MONTADO H|29.12|UN|24403.83|5401|00|23536.50|12.00|2824.38|0.00|0.00|0.00|0.00|0.00|0.00|
|C100|1|0|98765432000188|55|00|000000234|000|07012024|10012024|55556.12|0.00|0.00|0.00|0.00|0.00|0.00|0.00|0.00|0.00|0|22244466000133|
|C170|1|PROD004|PRODUTO ACABADO D|18.94|UN|11374.95|5401|41|0.00|12.00|0.00|0.00|0.00|0.00|0.00|0.00|0.00|
|C170|2|PROD004|PRODUTO ACABADO D|21.83|UN|13102.26|5401|41|0.00|12.00|0.00|0.00|0.00|0.00|0.00|0.00|0.00|
|C170|3|PROD004|PRODUTO ACABADO D|5.38|UN|3350.75|5401|40|0.00|12.00|0.00|0.00|0.00|0.00|0.00|0.00|0.00|
|C170|4|PROD005|INSUMO INDUSTRIAL E|29.66|UN|621.00|5401|50|0.00|12.00|0.00|0.00|0.00|0.00|0.00|0.00|0.00|
|C170|5|PROD004|PRODUTO ACABADO D|28.21|UN|27107.16|5401|40|0.00|12.00|0.00|0.00|0.00|0.00|0.00|0.00|0.00|
|C100|1|0|98765432000188|55|00|000000235|000|06012024|09012024|376.70|219.28|26.31|0.00|0.00|0.00|0.00|0.00|0.00|0.00|0|33366699000100|
|C170|1|PROD002|COMPONENTE ELETRICO B|1.64|UN|122.09|5403|50|0.00|12.00|0.00|0.00|0.00|0.00|0.00|0.00|0.00|
|C170|2|PROD005|INSUMO INDUSTRIAL E|6.63|UN|254.61|5403|00|219.28|12.00|26.31|0.00|0.00|0.00|0.00|0.00|0.00|
|C100|1|0|98765432000188|55|00|000000236|000|20012024|20012024|3917.78|929.57|111.55|0.00|0.00|0.00|0.00|0.00|0.00|0.00|0|77788899000177|
|C170|1|PROD005|INSUMO INDUSTRIAL E|37.72|UN|986.00|5401|00|929.57|12.00|111.55|0.00|0.00|0.00|0.00|0.00|0.00|
|C170|2|PROD001|PECA MECANICA TIPO A|38.15|UN|2605.96|5401|40|0.00|12.00|0.00|0.00|0.00|0.00|0.00|0.00|0.00|
|C170|3|PROD003|MATERIAL BRUTO C|1.63|UN|325.82|5401|40|0.00|12.00|0.00|0.00|0.00|0.00|0.00|0.00|0.00|
|C100|1|0|98765432000188|55|00|000000237|000|04012024|07012024|25344.53|20593.60|2471.24|0.00|0.00|0.00|0.00|0.00|0.00|0.00|0|22244466000133|
|C170|1|PROD006|LINHA_CORROMPIDA|
|C170|2|PROD001|PECA MECANICA TIPO A|24.58|UN|2141.32|5401|60|0.00|12.00|0.00|0.00|0.00|0.00|0.00|0.00|0.00|
|C170|3|PROD007|PARTE SOBRESSALENTE G|19.69|UN|2540.99|5401|40|0.00|12.00|0.00|0.00|0.00|0.00|0.00|0.00|0.00|
|C170|4|PROD008|CONJUNTO MONTADO H|23.63|UN|20363.08|5401|20|20295.30|12.00|2435.44|0.00|0.00|0.00|0.00|0.00|0.00|
|C100|1|0|98765432000188|55|00|000000238|000|22012024|25012024|4470.26|3949.73|473.97|0.00|0.00|0.00|0.00|0.00|0.00|0.00|0|99900011000155|
|C170|1|PROD007|PARTE SOBRESSALENTE G|38.32|UN|4470.26|5101|20|3949.73|12.00|473.97|0.00|0.00|0.00|0.00|0.00|0.00|
|C100|1|0|98765432000188|55|00|000000239|000|02012024|04012024|26034.14|3814.68|457.77|0.00|0.00|0.00|0.00|0.00|0.00|0.00|0|77788899000177|
|C170|1|PROD005|INSUMO INDUSTRIAL E|18.79|UN|781.14|6101|00|762.89|12.00|91.55|0.00|0.00|0.00|0.00|0.00|0.00|
|C170|2|PROD004|PRODUTO ACABADO D|32.63|UN|21986.85|6101|40|0.00|12.00|0.00|0.00|0.00|0.00|0.00|0.00|0.00|
|C170|3|PROD002|COMPONENTE ELETRICO B|31.29|UN|1208.54|6101|51|1111.90|12.00|133.43|0.00|0.00|0.00|0.00|0.00|0.00|
|C170|4|PROD003|MATERIAL BRUTO C|6.81|UN|2057.61|6101|10|1939.89|12.00|232.79|0.00|0.00|0.00|0.00|0.00|0.00|
|C100|1|0|98765432000188|55|00|000000240|000|22012024|25012024|3513.18|3347.31|401.68|0.00|0.00|0.00|0.00|0.00|0.00|0.00|0|22244466000133|
|C170|1|PROD006|EMBALAGEM PADRAO F|1.23|UN|14.42|5102|20|12.99|12.00|1.56|0.00|0.00|0.00|0.00|0.00|0.00|
|C170|2|PROD007|PARTE SOBRESSALENTE G|25.91|UN|3498.76|5102|51|3334.32|12.00|400.12|0.00|0.00|0.00|0.00|0.00|0.00|
|C100|1|0|98765432000188|55|00|000000241|000|25012024|25012024|36315.94|2529.38|303.52|0.00|0.00|0.00|0.00|0.00|0.00|0.00|0|22244466000133|
|C170|1|PROD003|MATERIAL BRUTO C|48.44|UN|15952.28|5101|50|0.00|12.00|0.00|0.00|0.00|0.00|0.00|0.00|0.00|
|C170|2|PROD005|INSUMO INDUSTRIAL E|41.70|UN|955.74|5101|00|912.28|12.00|109.47|0.00|0.00|0.00|0.00|0.00|0.00|
|C170|3|PROD002|COMPONENTE ELETRICO B|10.53|UN|811.57|5101|00|797.41|12.00|95.69|0.00|0.00|0.00|0.00|0.00|0.00|
|C170|4|PROD003|MATERIAL BRUTO C|3.50|UN|901.41|5101|00|819.69|12.00|98.36|0.00|0.00|0.00|0.00|0.00|0.00|
|C170|5|PROD004|PRODUTO ACABADO D|25.15|UN|17694.94|5101|50|0.00|12.00|0.00|0.00|0.00|0.00|0.00|0.00|0.00|
|C100|1|0|98765432000188|55|00|000000242|000|20012024|23012024|26639.18|25116.36|3013.96|0.00|0.00|0.00|0.00|0.00|0.00|0.00|0|33366699000100|
|C170|1|PROD005|INSUMO INDUSTRIAL E|31.33|UN|1163.04|5401|40|0.00|12.00|0.00|0.00|0.00|0.00|0.00|0.00|0.00|
|C170|2|PROD006|EMBALAGEM PADRAO F|48.65|UN|496.72|5401|10|484.94|12.00|58.19|0.00|0.00|0.00|0.00|0.00|0.00|
|C170|3|PROD004|PRODUTO ACABADO D|40.65|UN|24979.42|5401|51|24631.42|12.00|2955.77|0.00|0.00|0.00|0.00|0.00|0.00|
|C100|1|0|98765432000188|55|00|000000243|000|21012024|21012024|3693.33|0.00|0.00|0.00|0.00|0.00|0.00|0.00|0.00|0.00|0|33366699000100|
|C170|1|PROD003|MATERIAL BRUTO C|12.83|UN|3517.79|6102|40|0.00|12.00|0.00|0.00|0.00|0.00|0.00|0.00|0.00|
|C170|2|PROD007|PARTE SOBRESSALENTE G|1.27|UN|175.54|6102|40|0.00|12.00|0.00|0.00|0.00|0.00|0.00|0.00|0.00|
|C100|1|0|98765432000188|55|00|000000244|000|20012024|23012024|5422.62|0.00|0.00|0.00|0.00|0.00|0.00|0.00|0.00|0.00|0|99900011000155|
|C170|1|PROD006|EMBALAGEM PADRAO F|44.00|UN|293.03|5401|50|0.00|12.00|0.00|0.00|0.00|0.00|0.00|0.00|0.00|
|C170|2|PROD003|MATERIAL BRUTO C|18.12|UN|5129.59|5401|70|0.00|12.00|0.00|0.00|0.00|0.00|0.00|0.00|0.00|
|C100|1|0|98765432000188|55|00|000000245|000|17012024|17012024|1727.96|604.28|72.51|0.00|0.00|0.00|0.00|0.00|0.00|0.00|0|22244466000133|
|C170|1|PROD005|INSUMO INDUSTRIAL E|27.15|UN|1085.19|5401|40|0.00|12.00|0.00|0.00|0.00|0.00|0.00|0.00|0.00|
|C170|2|PROD002|COMPONENTE ELETRICO B|10.14|UN|642.77|5401|00|604.28|12.00|72.51|0.00|0.00|0.00|0.00|0.00|0.00|
|C100|1|0|98765432000188|55|00|000000246|000|24012024|24012024|4599.53|3965.90|475.91|0.00|0.00|0.00|0.00|0.00|0.00|0.00|0|33366699000100|
|C170|1|PROD007|PARTE SOBRESSALENTE G|11.24|UN|1769.76|6102|51|1527.49|12.00|183.30|0.00|0.00|0.00|0.00|0.00|0.00|
|C170|2|PROD001|PECA MECANICA TIPO A|1.06|UN|118.73|6102|00|115.36|12.00|13.84|0.00|0.00|0.00|0.00|0.00|0.00|
|C170|3|PROD002|COMPONENTE ELETRICO B|35.62|UN|2711.04|6102|10|2323.05|12.00|278.77|0.00|0.00|0.00|0.00|0.00|0.00|
|C100|1|0|98765432000188|55|00|000000247|000|14012024|16012024|36381.28|0.00|0.00|0.00|0.00|0.00|0.00|0.00|0.00|0.00|0|77788899000177|
|C170|1|PROD007|PARTE SOBRESSALENTE G|29.49|UN|2845.20|6101|60|0.00|12.00|0.00|0.00|0.00|0.00|0.00|0.00|0.00|
|C170|2|PROD004|PRODUTO ACABADO D|46.30|UN|33536.08|6101|40|0.00|12.00|0.00|0.00|0.00|0.00|0.00|0.00|0.00|
|C100|1|0|98765432000188|55|00|000000248|000|23012024|26012024|3514.85|0.00|0.00|0.00|0.00|0.00|0.00|0.00|0.00|0.00|0|33366699000100|
|C170|1|PROD002|COMPONENTE ELETRICO B|42.69|UN|3514.85|5403|60|0.00|12.00|0.00|0.00|0.00|0.00|0.00|0.00|0.00|
|C100|1|0|98765432000188|55|00|000000249|000|27012024|30012024|1702.89|0.00|0.00|0.00|0.00|0.00|0.00|0.00|0.00|0.00|0|77788899000177|
|C170|1|PROD003|MATERIAL BRUTO C|8.19|UN|1702.89|5401|70|0.00|12.00|0.00|0.00|0.00|0.00|0.00|0.00|0.00|
|C100|1|0|98765432000188|55|00|000000250|000|10012024|10012024|2559.73|2380.54|285.66|0.00|0.00|0.00|0.00|0.00|0.00|0.00|0|99900011000155|
|C170|1|PROD001|PECA MECANICA TIPO A|31.79|UN|2559.73|5101|20|2380.54|12.00|285.66|0.00|0.00|0.00|0.00|0.00|0.00|
|C100|1|0|98765432000188|55|00|000000251|000|11012024|11012024|42561.09|37751.32|4530.16|0.00|0.00|0.00|0.00|0.00|0.00|0.00|0|99900011000155|
|C170|1|PROD008|CONJUNTO MONTADO H|24.31|UN|27806.53|5403|00|24454.37|12.00|2934.52|0.00|0.00|0.00|0.00|0.00|0.00|
|C170|2|PROD003|MATERIAL BRUTO C|12.57|UN|4086.54|5403|20|3635.13|12.00|436.22|0.00|0.00|0.00|0.00|0.00|0.00|
|C170|3|PROD008|CONJUNTO MONTADO H|11.53|UN|10668.02|5403|51|9661.82|12.00|1159.42|0.00|0.00|0.00|0.00|0.00|0.00|
|C100|1|0|98765432000188|55|00|000000252|000|17012024|18012024|53326.36|0.00|0.00|0.00|0.00|0.00|0.00|0.00|0.00|0.00|0|22244466000133|
|C170|1|PROD008|CONJUNTO MONTADO H|45.65|UN|53326.36|5401|41|0.00|12.00|0.00|0.00|0.00|0.00|0.00|0.00|0.00|
|C100|1|0|98765432000188|55|00|000000253|000|14012024|14012024|34141.83|30162.89|3619.55|0.00|0.00|0.00|0.00|0.00|0.00|0.00|0|77788899000177|
|C170|1|PROD001|PECA MECANICA TIPO A|38.05|UN|2063.72|5102|00|2016.09|12.00|241.93|0.00|0.00|0.00|0.00|0.00|0.00|
|C170|2|PROD004|PRODUTO ACABADO D|35.28|UN|29158.92|5102|00|25484.55|12.00|3058.15|0.00|0.00|0.00|0.00|0.00|0.00|
|C170|3|PROD005|INSUMO INDUSTRIAL E|9.93|UN|385.84|5102|10|333.45|12.00|40.01|0.00|0.00|0.00|0.00|0.00|0.00|
|C170|4|PROD003|MATERIAL BRUTO C|11.70|UN|2533.35|5102|00|2328.80|12.00|279.46|0.00|0.00|0.00|0.00|0.00|0.00|
|C100|1|0|98765432000188|55|00|000000254|000|20012024|22012024|549.10|500.61|60.07|0.00|0.00|0.00|0.00|0.00|0.00|0.00|0|33366699000100|
|C170|1|PROD006|EMBALAGEM PADRAO F|48.34|UN|549.10|6102|00|500.61|12.00|60.07|0.00|0.00|0.00|0.00|0.00|0.00|
|C100|1|0|98765432000188|55|00|000000255|000|15012024|15012024|11577.95|10236.84|1228.42|0.00|0.00|0.00|0.00|0.00|0.00|0.00|0|99900011000155|
|C170|1|PROD007|PARTE SOBRESSALENTE G|37.94|UN|5599.65|5401|10|5504.27|12.00|660.51|0.00|0.00|0.00|0.00|0.00|0.00|
|C170|2|PROD001|PECA MECANICA TIPO A|41.12|UN|2825.01|5401|20|2810.44|12.00|337.25|0.00|0.00|0.00|0.00|0.00|0.00|
|C170|3|PROD005|INSUMO INDUSTRIAL E|26.86|UN|955.07|5401|40|0.00|12.00|0.00|0.00|0.00|0.00|0.00|0.00|0.00|
|C170|4|PROD007|PARTE SOBRESSALENTE G|15.77|UN|1931.11|5401|00|1922.13|12.00|230.66|0.00|0.00|0.00|0.00|0.00|0.00|
|C170|5|PROD006|EMBALAGEM PADRAO F|40.47|UN|267.11|5401|30|0.00|12.00|0.00|0.00|0.00|0.00|0.00|0.00|0.00|
|C100|1|0|98765432000188|55|00|000000256|000|15012024|16012024|3847.10|109.44|13.13|0.00|0.00|0.00|0.00|0.00|0.00|0.00|0|33366699000100|
|C170|1|PROD006|EMBALAGEM PADRAO F|15.26|UN|104.39|5403|00|91.62|12.00|10.99|0.00|0.00|0.00|0.00|0.00|0.00|
|C170|2|PROD006|EMBALAGEM PADRAO F|3.83|UN|19.42|5403|00|17.82|12.00|2.14|0.00|0.00|0.00|0.00|0.00|0.00|
|C170|3|PROD001|PECA MECANICA TIPO A|43.59|UN|3723.29|5403|41|0.00|12.00|0.00|0.00|0.00|0.00|0.00|0.00|0.00|
|C100|1|0|98765432000188|55|00|000000257|000|26012024|28012024|24588.94|0.00|0.00|0.00|0.00|0.00|0.00|0.00|0.00|0.00|0|22244466000133|
|C170|1|PROD004|PRODUTO ACABADO D|37.47|UN|24588.94|5102|40|0.00|12.00|0.00|0.00|0.00|0.00|0.00|0.00|0.00|
|C100|1|0|98765432000188|55|00|000000258|000|31012024|02022024|1309.30|1228.31|147.40|0.00|0.00|0.00|0.00|0.00|0.00|0.00|0|33366699000100|
|C170|1|PROD005|INSUMO INDUSTRIAL E|33.29|UN|1309.30|5401|90|1228.31|12.00|147.40|0.00|0.00|0.00|0.00|0.00|0.00|
|C100|1|0|98765432000188|55|00|000000259|000|07012024|08012024|31546.80|0.00|0.00|0.00|0.00|0.00|0.00|0.00|0.00|0.00|0|55512312300010|
|C170|1|PROD004|PRODUTO ACABADO D|44.49|UN|31546.80|6102|50|0.00|12.00|0.00|0.00|0.00|0.00|0.00|0.00|0.00|
|C100|1|0|98765432000188|55|00|000000260|000|05012024|08012024|49816.77|3751.25|450.15|0.00|0.00|0.00|0.00|0.00|0.00|0.00|0|33366699000100|
|C170|1|PROD007|PARTE SOBRESSALENTE G|2.85|UN|257.73|6101|70|0.00|12.00|0.00|0.00|0.00|0.00|0.00|0.00|0.00|
|C170|2|PROD001|PECA MECANICA TIPO A|33.26|UN|2599.35|6101|00|2217.76|12.00|266.13|0.00|0.00|0.00|0.00|0.00|0.00|
|C170|3|PROD003|MATERIAL BRUTO C|30.42|UN|10151.73|6101|60|0.00|12.00|0.00|0.00|0.00|0.00|0.00|0.00|0.00|
|C170|4|PROD002|COMPONENTE ELETRICO B|18.55|UN|1540.64|6101|10|1533.49|12.00|184.02|0.00|0.00|0.00|0.00|0.00|0.00|
|C170|5|PROD008|CONJUNTO MONTADO H|48.95|UN|35267.32|6101|40|0.00|12.00|0.00|0.00|0.00|0.00|0.00|0.00|0.00|
|C100|1|0|98765432000188|55|00|000000261|000|04012024|06012024|3330.43|2889.55|346.75|0.00|0.00|0.00|0.00|0.00|0.00|0.00|0|99900011000155|
|C170|1|PROD007|PARTE SOBRESSALENTE G|34.45|UN|3330.43|5401|00|2889.55|12.00|346.75|0.00|0.00|0.00|0.00|0.00|0.00|
|C100|1|0|98765432000188|55|00|000000262|000|12012024|13012024|55845.70|52307.20|6276.86|0.00|0.00|0.00|0.00|0.00|0.00|0.00|0|99900011000155|
|C170|1|PROD008|CONJUNTO MONTADO H|47.42|UN|37842.91|5101|00|37824.24|12.00|4538.91|0.00|0.00|0.00|0.00|0.00|0.00|
|C170|2|PROD003|MATERIAL BRUTO C|42.86|UN|14572.65|5101|00|14372.78|12.00|1724.73|0.00|0.00|0.00|0.00|0.00|0.00|
|C170|3|PROD001|PECA MECANICA TIPO A|15.75|UN|1751.22|5101|41|0.00|12.00|0.00|0.00|0.00|0.00|0.00|0.00|0.00|
|C170|4|PROD002|COMPONENTE ELETRICO B|2.59|UN|111.70|5101|90|110.18|12.00|13.22|0.00|0.00|0.00|0.00|0.00|0.00|
|C170|5|PROD001|PECA MECANICA TIPO A|17.98|UN|1567.22|5101|40|0.00|12.00|0.00|0.00|0.00|0.00|0.00|0.00|0.00|
|C100|1|0|98765432000188|55|00|000000263|000|30012024|01022024|32004.47|879.23|105.51|0.00|0.00|0.00|0.00|0.00|0.00|0.00|0|77788899000177|
|C170|1|PROD005|INSUMO INDUSTRIAL E|37.67|UN|840.53|5403|40|0.00|12.00|0.00|0.00|0.00|0.00|0.00|0.00|0.00|
|C170|2|PROD008|CONJUNTO MONTADO H|32.27|UN|29981.24|5403|30|0.00|12.00|0.00|0.00|0.00|0.00|0.00|0.00|0.00|
|C170|3|PROD005|INSUMO INDUSTRIAL E|6.14|UN|234.52|5403|30|0.00|12.00|0.00|0.00|0.00|0.00|0.00|0.00|0.00|
|C170|4|PROD005|INSUMO INDUSTRIAL E|24.82|UN|948.18|5403|00|879.23|12.00|105.51|0.00|0.00|0.00|0.00|0.00|0.00|
|C100|1|0|98765432000188|55|00|000000264|000|14012024|16012024|67122.10|55147.88|6617.74|0.00|0.00|0.00|0.00|0.00|0.00|0.00|0|77788899000177|
|C170|1|PROD003|MATERIAL BRUTO C|32.68|UN|9896.48|5102|41|0.00|12.00|0.00|0.00|0.00|0.00|0.00|0.00|0.00|
|C170|2|PROD008|CONJUNTO MONTADO H|39.39|UN|45808.23|5102|00|45157.27|12.00|5418.87|0.00|0.00|0.00|0.00|0.00|0.00|
|C170|3|PROD005|INSUMO INDUSTRIAL E|30.00|UN|647.31|5102|70|0.00|12.00|0.00|0.00|0.00|0.00|0.00|0.00|0.00|
|C170|4|PROD002|COMPONENTE ELETRICO B|7.07|UN|376.85|5102|40|0.00|12.00|0.00|0.00|0.00|0.00|0.00|0.00|0.00|
|C170|5|PROD003|MATERIAL BRUTO C|41.70|UN|10393.23|5102|10|9990.61|12.00|1198.87|0.00|0.00|0.00|0.00|0.00|0.00|
|C100|1|0|98765432000188|55|00|000000265|000|13012024|13012024|10692.56|2451.69|294.20|0.00|0.00|0.00|0.00|0.00|0.00|0.00|0|22244466000133|
|C170|1|PROD001|PECA MECANICA TIPO A|28.17|UN|2561.98|6102|00|2451.69|12.00|294.20|0.00|0.00|0.00|0.00|0.00|0.00|
|C170|2|PROD006|EMBALAGEM PADRAO F|16.94|UN|88.27|6102|40|0.00|12.00|0.00|0.00|0.00|0.00|0.00|0.00|0.00|
|C170|3|PROD003|MATERIAL BRUTO C|33.07|UN|8042.31|6102|40|0.00|12.00|0.00|0.00|0.00|0.00|0.00|0.00|0.00|
|C100|1|0|98765432000188|55|00|000000266|000|08012024|10012024|37294.34|1517.77|182.13|0.00|0.00|0.00|0.00|0.00|0.00|0.00|0|55512312300010|
|C170|1|PROD008|CONJUNTO MONTADO H|18.26|UN|21704.48|5101|41|0.00|12.00|0.00|0.00|0.00|0.00|0.00|0.00|0.00|
|C170|2|PROD004|PRODUTO ACABADO D|11.31|UN|10325.20|5101|30|0.00|12.00|0.00|0.00|0.00|0.00|0.00|0.00|0.00|
|C170|3|PROD008|CONJUNTO MONTADO H|4.81|UN|3577.24|5101|41|0.00|12.00|0.00|0.00|0.00|0.00|0.00|0.00|0.00|
|C170|4|PROD003|MATERIAL BRUTO C|7.57|UN|1687.42|5101|20|1517.77|12.00|182.13|0.00|0.00|0.00|0.00|0.00|0.00|
|C100|1|0|98765432000188|55|00|000000267|000|25012024|28012024|22721.12|19217.52|2306.10|0.00|0.00|0.00|0.00|0.00|0.00|0.00|0|22244466000133|
|C170|1|PROD008|CONJUNTO MONTADO H|14.91|UN|17826.84|6102|00|16528.10|12.00|1983.37|0.00|0.00|0.00|0.00|0.00|0.00|
|C170|2|PROD003|MATERIAL BRUTO C|8.27|UN|2012.09|6102|40|0.00|12.00|0.00|0.00|0.00|0.00|0.00|0.00|0.00|
|C170|3|PROD005|INSUMO INDUSTRIAL E|40.76|UN|1142.50|6102|20|977.73|12.00|117.33|0.00|0.00|0.00|0.00|0.00|0.00|
|C170|4|PROD002|COMPONENTE ELETRICO B|25.18|UN|1739.69|6102|51|1711.69|12.00|205.40|0.00|0.00|0.00|0.00|0.00|0.00|
|C100|1|0|98765432000188|55|00|000000268|000|10012024|12012024|30181.00|11795.49|1415.46|0.00|0.00|0.00|0.00|0.00|0.00|0.00|0|99900011000155|
|C170|1|PROD004|PRODUTO ACABADO D|22.38|UN|12615.17|6101|40|0.00|12.00|0.00|0.00|0.00|0.00|0.00|0.00|0.00|
|C170|2|PROD003|MATERIAL BRUTO C|17.70|UN|4661.20|6101|50|0.00|12.00|0.00|0.00|0.00|0.00|0.00|0.00|0.00|
|C170|3|PROD006|EMBALAGEM PADRAO F|6.75|UN|49.36|6101|40|0.00|12.00|0.00|0.00|0.00|0.00|0.00|0.00|0.00|
|C170|4|PROD008|CONJUNTO MONTADO H|17.83|UN|12855.27|6101|00|11795.49|12.00|1415.46|0.00|0.00|0.00|0.00|0.00|0.00|
|C100|1|0|98765432000188|55|00|000000269|000|09012024|09012024|10253.78|6029.62|723.56|0.00|0.00|0.00|0.00|0.00|0.00|0.00|0|22244466000133|
|C170|1|PROD001|PECA MECANICA TIPO A|8.50|UN|512.74|5403|20|463.55|12.00|55.63|0.00|0.00|0.00|0.00|0.00|0.00|
|C170|2|PROD002|COMPONENTE ELETRICO B|40.46|UN|3309.87|5403|50|0.00|12.00|0.00|0.00|0.00|0.00|0.00|0.00|0.00|
|C170|3|PROD007|PARTE SOBRESSALENTE G|47.47|UN|6431.17|5403|00|5566.07|12.00|667.93|0.00|0.00|0.00|0.00|0.00|0.00|
|C100|1|0|98765432000188|55|00|000000270|000|02012024|04012024|24402.46|881.12|105.73|0.00|0.00|0.00|0.00|0.00|0.00|0.00|0|55512312300010|
|C170|1|PROD003|MATERIAL BRUTO C|18.43|UN|6348.29|5401|60|0.00|12.00|0.00|0.00|0.00|0.00|0.00|0.00|0.00|
|C170|2|PROD002|COMPONENTE ELETRICO B|18.81|UN|1014.59|5401|00|881.12|12.00|105.73|0.00|0.00|0.00|0.00|0.00|0.00|
|C170|3|PROD003|MATERIAL BRUTO C|49.61|UN|17039.58|5401|40|0.00|12.00|0.00|0.00|0.00|0.00|0.00|0.00|0.00|
|C100|1|0|98765432000188|55|00|000000271|000|12012024|15012024|28508.34|2780.51|333.66|0.00|0.00|0.00|0.00|0.00|0.00|0.00|0|77788899000177|
|C170|1|PROD004|PRODUTO ACABADO D|38.17|UN|24611.28|6102|50|0.00|12.00|0.00|0.00|0.00|0.00|0.00|0.00|0.00|
|C170|2|PROD001|PECA MECANICA TIPO A|29.45|UN|1534.14|6102|20|1469.14|12.00|176.30|0.00|0.00|0.00|0.00|0.00|0.00|
|C170|3|PROD007|PARTE SOBRESSALENTE G|15.39|UN|1329.17|6102|00|1311.37|12.00|157.36|0.00|0.00|0.00|0.00|0.00|0.00|
|C170|4|PROD005|INSUMO INDUSTRIAL E|34.34|UN|1033.75|6102|41|0.00|12.00|0.00|0.00|0.00|0.00|0.00|0.00|0.00|
|C100|1|0|98765432000188|55|00|000000272|000|21012024|24012024|5097.90|0.00|0.00|0.00|0.00|0.00|0.00|0.00|0.00|0.00|0|55512312300010|
|C170|1|PROD002|COMPONENTE ELETRICO B|44.47|UN|3237.93|6101|40|0.00|12.00|0.00|0.00|0.00|0.00|0.00|0.00|0.00|
|C170|2|PROD005|INSUMO INDUSTRIAL E|48.31|UN|1859.97|6101|40|0.00|12.00|0.00|0.00|0.00|0.00|0.00|0.00|0.00|
|C100|1|0|98765432000188|55|00|000000273|000|02012024|04012024|2532.21|0.00|0.00|0.00|0.00|0.00|0.00|0.00|0.00|0.00|0|22244466000133|
|C170|1|PROD008|CONJUNTO MONTADO H|2.64|UN|2532.21|6102|41|0.00|12.00|0.00|0.00|0.00|0.00|0.00|0.00|0.00|
|C100|1|0|98765432000188|55|00|000000274|000|20012024|20012024|2277.53|1952.47|234.30|0.00|0.00|0.00|0.00|0.00|0.00|0.00|0|77788899000177|
|C170|1|PROD003|MATERIAL BRUTO C|11.03|UN|2277.53|5101|20|1952.47|12.00|234.30|0.00|0.00|0.00|0.00|0.00|0.00|
|C100|1|0|98765432000188|55|00|000000275|000|23012024|24012024|44654.52|186.46|22.38|0.00|0.00|0.00|0.00|0.00|0.00|0.00|0|99900011000155|
|C170|1|PROD006|EMBALAGEM PADRAO F|22.24|UN|189.02|6102|00|186.46|12.00|22.38|0.00|0.00|0.00|0.00|0.00|0.00|
|C170|2|PROD008|CONJUNTO MONTADO H|33.62|UN|44465.50|6102|30|0.00|12.00|0.00|0.00|0.00|0.00|0.00|0.00|0.00|
|C100|1|0|98765432000188|55|00|000000276|000|17012024|18012024|910.92|902.60|108.31|0.00|0.00|0.00|0.00|0.00|0.00|0.00|0|22244466000133|
|C170|1|PROD005|INSUMO INDUSTRIAL E|31.13|UN|910.92|6102|00|902.60|12.00|108.31|0.00|0.00|0.00|0.00|0.00|0.00|
|C100|1|0|98765432000188|55|00|000000277|000|04012024|07012024|11124.07|10422.45|1250.69|0.00|0.00|0.00|0.00|0.00|0.00|0.00|0|99900011000155|
|C170|1|PROD004|PRODUTO ACABADO D|7.62|UN|3839.38|5403|00|3558.63|12.00|427.04|0.00|0.00|0.00|0.00|0.00|0.00|
|C170|2|PROD006|EMBALAGEM PADRAO F|5.54|UN|39.13|5403|40|0.00|12.00|0.00|0.00|0.00|0.00|0.00|0.00|0.00|
|C170|3|PROD003|MATERIAL BRUTO C|20.83|UN|5079.50|5403|00|4872.20|12.00|584.66|0.00|0.00|0.00|0.00|0.00|0.00|
|C170|4|PROD007|PARTE SOBRESSALENTE G|21.24|UN|2166.06|5403|00|1991.62|12.00|238.99|0.00|0.00|0.00|0.00|0.00|0.00|
|C100|1|0|98765432000188|55|00|000000278|000|07012024|08012024|35464.45|21052.68|2526.32|0.00|0.00|0.00|0.00|0.00|0.00|0.00|0|99900011000155|
|C170|1|PROD007|PARTE SOBRESSALENTE G|5.55|UN|752.10|5403|20|732.33|12.00|87.88|0.00|0.00|0.00|0.00|0.00|0.00|
|C170|2|PROD004|PRODUTO ACABADO D|15.81|UN|12533.39|5403|00|11383.15|12.00|1365.98|0.00|0.00|0.00|0.00|0.00|0.00|
|C170|3|PROD004|PRODUTO ACABADO D|22.85|UN|12391.98|5403|70|0.00|12.00|0.00|0.00|0.00|0.00|0.00|0.00|0.00|
|C170|4|PROD007|PARTE SOBRESSALENTE G|13.61|UN|1975.99|5403|00|1914.69|12.00|229.76|0.00|0.00|0.00|0.00|0.00|0.00|
|C170|5|PROD003|MATERIAL BRUTO C|31.21|UN|7810.99|5403|00|7022.51|12.00|842.70|0.00|0.00|0.00|0.00|0.00|0.00|
|C100|1|0|98765432000188|55|00|000000279|000|13012024|15012024|9004.39|0.00|0.00|0.00|0.00|0.00|0.00|0.00|0.00|0.00|0|22244466000133|
|C170|1|PROD002|COMPONENTE ELETRICO B|47.14|UN|3038.39|6102|41|0.00|12.00|0.00|0.00|0.00|0.00|0.00|0.00|0.00|
|C170|2|PROD003|MATERIAL BRUTO C|29.58|UN|5966.00|6102|40|0.00|12.00|0.00|0.00|0.00|0.00|0.00|0.00|0.00|
|C100|1|0|98765432000188|55|00|000000280|000|26012024|29012024|85237.10|15874.01|1904.88|0.00|0.00|0.00|0.00|0.00|0.00|0.00|0|99900011000155|
|C170|1|PROD004|PRODUTO ACABADO D|6.96|UN|6780.08|5401|00|5904.54|12.00|708.54|0.00|0.00|0.00|0.00|0.00|0.00|
|C170|2|PROD004|PRODUTO ACABADO D|39.29|UN|22398.76|5401|40|0.00|12.00|0.00|0.00|0.00|0.00|0.00|0.00|0.00|
|C170|3|PROD008|CONJUNTO MONTADO H|32.85|UN|45404.34|5401|40|0.00|12.00|0.00|0.00|0.00|0.00|0.00|0.00|0.00|
|C170|4|PROD005|INSUMO INDUSTRIAL E|14.05|UN|423.13|5401|00|416.99|12.00|50.04|0.00|0.00|0.00|0.00|0.00|0.00|
|C170|5|PROD008|CONJUNTO MONTADO H|12.10|UN|10230.79|5401|20|9552.48|12.00|1146.30|0.00|0.00|0.00|0.00|0.00|0.00|
|C100|1|0|98765432000188|55|00|000000281|000|02012024|05012024|1714.36|0.00|0.00|0.00|0.00|0.00|0.00|0.00|0.00|0.00|0|33366699000100|
|C170|1|PROD002|COMPONENTE ELETRICO B|21.27|UN|1714.36|6102|40|0.00|12.00|0.00|0.00|0.00|0.00|0.00|0.00|0.00|
|C100|1|0|98765432000188|55|00|000000282|000|31012024|02022024|41509.43|2346.15|281.54|0.00|0.00|0.00|0.00|0.00|0.00|0.00|0|99900011000155|
|C170|1|PROD002|COMPONENTE ELETRICO B|40.20|UN|3172.90|5403|40|0.00|12.00|0.00|0.00|0.00|0.00|0.00|0.00|0.00|
|C170|2|PROD008|CONJUNTO MONTADO H|23.02|UN|22547.97|5403|50|0.00|12.00|0.00|0.00|0.00|0.00|0.00|0.00|0.00|
|C170|3|PROD007|PARTE SOBRESSALENTE G|45.89|UN|7271.71|5403|50|0.00|12.00|0.00|0.00|0.00|0.00|0.00|0.00|0.00|
|C170|4|PROD003|MATERIAL BRUTO C|23.56|UN|6073.49|5403|40|0.00|12.00|0.00|0.00|0.00|0.00|0.00|0.00|0.00|
|C170|5|PROD004|PRODUTO ACABADO D|3.65|UN|2443.36|5403|00|2346.15|12.00|281.54|0.00|0.00|0.00|0.00|0.00|0.00|
|C100|1|0|98765432000188|55|00|000000283|000|21012024|24012024|10774.69|9931.12|1191.74|0.00|0.00|0.00|0.00|0.00|0.00|0.00|0|22244466000133|
|C170|1|PROD003|MATERIAL BRUTO C|21.30|UN|4975.62|6102|20|4503.67|12.00|540.44|0.00|0.00|0.00|0.00|0.00|0.00|
|C170|2|PROD003|MATERIAL BRUTO C|6.26|UN|2155.79|6102|10|2117.89|12.00|254.15|0.00|0.00|0.00|0.00|0.00|0.00|
|C170|3|PROD005|INSUMO INDUSTRIAL E|40.18|UN|795.20|6102|00|693.92|12.00|83.27|0.00|0.00|0.00|0.00|0.00|0.00|
|C170|4|PROD002|COMPONENTE ELETRICO B|49.05|UN|2848.08|6102|20|2615.64|12.00|313.88|0.00|0.00|0.00|0.00|0.00|0.00|
|C100|1|0|98765432000188|55|00|000000284|000|28012024|30012024|311.52|0.00|0.00|0.00|0.00|0.00|0.00|0.00|0.00|0.00|0|55512312300010|
|C170|1|PROD002|COMPONENTE ELETRICO B|5.06|UN|311.52|5102|40|0.00|12.00|0.00|0.00|0.00|0.00|0.00|0.00|0.00|
|C100|1|0|98765432000188|55|00|000000285|000|12012024|12012024|23182.34|8071.88|968.63|0.00|0.00|0.00|0.00|0.00|0.00|0.00|0|99900011000155|
|C170|1|PROD003|MATERIAL BRUTO C|27.82|UN|5771.05|5401|00|5133.16|12.00|615.98|0.00|0.00|0.00|0.00|0.00|0.00|
|C170|2|PROD001|PECA MECANICA TIPO A|10.19|UN|641.81|5401|00|599.71|12.00|71.97|0.00|0.00|0.00|0.00|0.00|0.00|
|C170|3|PROD002|COMPONENTE ELETRICO B|43.53|UN|2445.30|5401|20|2339.01|12.00|280.68|0.00|0.00|0.00|0.00|0.00|0.00|
|C170|4|PROD008|CONJUNTO MONTADO H|11.04|UN|14324.18|5401|40|0.00|12.00|0.00|0.00|0.00|0.00|0.00|0.00|0.00|
|C100|1|0|98765432000188|55|00|000000286|000|25012024|27012024|4707.99|0.00|0.00|0.00|0.00|0.00|0.00|0.00|0.00|0.00|0|55512312300010|
|C170|1|PROD002|COMPONENTE ELETRICO B|20.71|UN|1669.27|5102|40|0.00|12.00|0.00|0.00|0.00|0.00|0.00|0.00|0.00|
|C170|2|PROD001|PECA MECANICA TIPO A|25.77|UN|3038.72|5102|40|0.00|12.00|0.00|0.00|0.00|0.00|0.00|0.00|0.00|
|C100|1|0|98765432000188|55|00|000000287|000|02012024|02012024|5252.52|0.00|0.00|0.00|0.00|0.00|0.00|0.00|0.00|0.00|0|22244466000133|
|C170|1|PROD002|COMPONENTE ELETRICO B|14.10|UN|778.80|5401|50|0.00|12.00|0.00|0.00|0.00|0.00|0.00|0.00|0.00|
|C170|2|PROD001|PECA MECANICA TIPO A|39.15|UN|4473.72|5401|40|0.00|12.00|0.00|0.00|0.00|0.00|0.00|0.00|0.00|
|C100|1|0|98765432000188|55|00|000000288|000|12012024|12012024|14642.70|12706.30|1524.75|0.00|0.00|0.00|0.00|0.00|0.00|0.00|0|22244466000133|
|C170|1|PROD004|PRODUTO ACABADO D|18.22|UN|14532.91|5401|00|12599.45|12.00|1511.93|0.00|0.00|0.00|0.00|0.00|0.00|
|C170|2|PROD006|EMBALAGEM PADRAO F|15.21|UN|109.79|5401|90|106.85|12.00|12.82|0.00|0.00|0.00|0.00|0.00|0.00|
|C100|1|0|98765432000188|55|00|000000289|000|10012024|10012024|13941.58|11055.98|1326.72|0.00|0.00|0.00|0.00|0.00|0.00|0.00|0|55512312300010|
|C170|1|PROD004|PRODUTO ACABADO D|2.97|UN|1592.89|6102|40|0.00|12.00|0.00|0.00|0.00|0.00|0.00|0.00|0.00|
|C170|2|PROD008|CONJUNTO MONTADO H|8.50|UN|11247.48|6102|00|10237.66|12.00|1228.52|0.00|0.00|0.00|0.00|0.00|0.00|
|C170|3|PROD006|EMBALAGEM PADRAO F|29.80|UN|208.87|6102|50|0.00|12.00|0.00|0.00|0.00|0.00|0.00|0.00|0.00|
|C170|4|PROD001|PECA MECANICA TIPO A|10.86|UN|892.34|6102|00|818.32|12.00|98.20|0.00|0.00|0.00|0.00|0.00|0.00|
|C100|1|0|98765432000188|55|00|000000290|000|02012024|04012024|493.70|450.29|54.03|0.00|0.00|0.00|0.00|0.00|0.00|0.00|0|77788899000177|
|C170|1|PROD005|INSUMO INDUSTRIAL E|22.73|UN|493.70|5102|00|450.29|12.00|54.03|0.00|0.00|0.00|0.00|0.00|0.00|
|C100|1|0|98765432000188|55|00|000000291|000|12012024|15012024|27576.73|24661.01|2959.33|0.00|0.00|0.00|0.00|0.00|0.00|0.00|0|22244466000133|
|C170|1|PROD002|COMPONENTE ELETRICO B|45.31|UN|3771.77|5101|10|3218.55|12.00|386.23|0.00|0.00|0.00|0.00|0.00|0.00|
|C170|2|PROD004|PRODUTO ACABADO D|38.38|UN|23804.96|5101|10|21442.46|12.00|2573.10|0.00|0.00|0.00|0.00|0.00|0.00|
|C100|1|0|98765432000188|55|00|000000292|000|15012024|16012024|26013.02|4535.29|544.23|0.00|0.00|0.00|0.00|0.00|0.00|0.00|0|22244466000133|
|C170|1|PROD004|PRODUTO ACABADO D|37.62|UN|21411.06|5101|40|0.00|12.00|0.00|0.00|0.00|0.00|0.00|0.00|0.00|
|C170|2|PROD008|CONJUNTO MONTADO H|6.52|UN|4601.96|5101|90|4535.29|12.00|544.23|0.00|0.00|0.00|0.00|0.00|0.00|
|C100|1|0|98765432000188|55|00|000000293|000|18012024|21012024|22761.74|8756.67|1050.80|0.00|0.00|0.00|0.00|0.00|0.00|0.00|0|22244466000133|
|C170|1|PROD005|INSUMO INDUSTRIAL E|48.60|UN|838.38|5101|30|0.00|12.00|0.00|0.00|0.00|0.00|0.00|0.00|0.00|
|C170|2|PROD003|MATERIAL BRUTO C|42.62|UN|11424.29|5101|40|0.00|12.00|0.00|0.00|0.00|0.00|0.00|0.00|0.00|
|C170|3|PROD008|CONJUNTO MONTADO H|10.93|UN|9028.28|5101|00|8756.67|12.00|1050.80|0.00|0.00|0.00|0.00|0.00|0.00|
|C170|4|PROD007|PARTE SOBRESSALENTE G|10.19|UN|1470.79|5101|41|0.00|12.00|0.00|0.00|0.00|0.00|0.00|0.00|0.00|
|C100|1|0|98765432000188|55|00|000000294|000|01012024|03012024|12215.25|6423.93|770.88|0.00|0.00|0.00|0.00|0.00|0.00|0.00|0|77788899000177|
|C170|1|PROD003|MATERIAL BRUTO C|17.21|UN|5553.45|5401|60|0.00|12.00|0.00|0.00|0.00|0.00|0.00|0.00|0.00|
|C170|2|PROD005|INSUMO INDUSTRIAL E|29.50|UN|592.70|5401|51|566.59|12.00|67.99|0.00|0.00|0.00|0.00|0.00|0.00|
|C170|3|PROD003|MATERIAL BRUTO C|12.13|UN|2695.83|5401|00|2567.81|12.00|308.14|0.00|0.00|0.00|0.00|0.00|0.00|
|C170|4|PROD001|PECA MECANICA TIPO A|21.20|UN|1844.06|5401|10|1824.38|12.00|218.93|0.00|0.00|0.00|0.00|0.00|0.00|
|C170|5|PROD007|PARTE SOBRESSALENTE G|17.21|UN|1529.21|5401|00|1465.15|12.00|175.82|0.00|0.00|0.00|0.00|0.00|0.00|
|C100|1|0|98765432000188|55|00|000000295|000|03012024|03012024|2826.01|2379.63|285.55|0.00|0.00|0.00|0.00|0.00|0.00|0.00|0|33366699000100|
|C170|1|PROD005|INSUMO INDUSTRIAL E|3.44|UN|72.28|5401|00|69.84|12.00|8.38|0.00|0.00|0.00|0.00|0.00|0.00|
|C170|2|PROD001|PECA MECANICA TIPO A|36.45|UN|2394.57|5401|20|2309.79|12.00|277.17|0.00|0.00|0.00|0.00|0.00|0.00|
|C170|3|PROD003|MATERIAL BRUTO C|1.32|UN|359.16|5401|41|0.00|12.00|0.00|0.00|0.00|0.00|0.00|0.00|0.00|
|C100|1|0|98765432000188|55|00|000000296|000|07012024|10012024|4650.48|4490.78|538.89|0.00|0.00|0.00|0.00|0.00|0.00|0.00|0|33366699000100|
|C170|1|PROD001|PECA MECANICA TIPO A|41.16|UN|4650.48|6102|00|4490.78|12.00|538.89|0.00|0.00|0.00|0.00|0.00|0.00|
|C100|1|0|98765432000188|55|00|000000297|000|08012024|11012024|85.98|85.55|10.27|0.00|0.00|0.00|0.00|0.00|0.00|0.00|0|33366699000100|
|C170|1|PROD006|EMBALAGEM PADRAO F|8.19|UN|85.98|5403|00|85.55|12.00|10.27|0.00|0.00|0.00|0.00|0.00|0.00|
|C100|1|0|98765432000188|55|00|000000298|000|15012024|15012024|9353.20|0.00|0.00|0.00|0.00|0.00|0.00|0.00|0.00|0.00|0|33366699000100|
|C170|1|PROD003|MATERIAL BRUTO C|31.50|UN|8906.69|5101|40|0.00|12.00|0.00|0.00|0.00|0.00|0.00|0.00|0.00|
|C170|2|PROD006|EMBALAGEM PADRAO F|40.45|UN|446.51|5101|60|0.00|12.00|0.00|0.00|0.00|0.00|0.00|0.00|0.00|
|C100|1|0|98765432000188|55|00|000000299|000|24012024|27012024|8583.79|1031.43|123.77|0.00|0.00|0.00|0.00|0.00|0.00|0.00|0|99900011000155|
|C170|1|PROD006|EMBALAGEM PADRAO F|23.25|UN|214.80|5101|10|194.01|12.00|23.28|0.00|0.00|0.00|0.00|0.00|0.00|
|C170|2|PROD007|PARTE SOBRESSALENTE G|5.62|UN|878.34|5101|00|837.42|12.00|100.49|0.00|0.00|0.00|0.00|0.00|0.00|
|C170|3|PROD003|MATERIAL BRUTO C|28.58|UN|5846.28|5101|40|0.00|12.00|0.00|0.00|0.00|0.00|0.00|0.00|0.00|
|C170|4|PROD005|INSUMO INDUSTRIAL E|49.07|UN|1644.37|5101|40|0.00|12.00|0.00|0.00|0.00|0.00|0.00|0.00|0.00|
|C100|1|0|98765432000188|55|00|000000300|000|03012024|06012024|20796.65|16407.54|1968.91|0.00|0.00|0.00|0.00|0.00|0.00|0.00|0|99900011000155|
|C170|1|PROD002|COMPONENTE ELETRICO B|19.41|UN|1269.68|6101|00|1193.91|12.00|143.27|0.00|0.00|0.00|0.00|0.00|0.00|
|C170|2|PROD006|EMBALAGEM PADRAO F|41.01|UN|412.60|6101|00|372.40|12.00|44.69|0.00|0.00|0.00|0.00|0.00|0.00|
|C170|3|PROD001|PECA MECANICA TIPO A|36.15|UN|3400.36|6101|60|0.00|12.00|0.00|0.00|0.00|0.00|0.00|0.00|0.00|
|C170|4|PROD005|INSUMO INDUSTRIAL E|43.64|UN|1630.24|6101|90|1467.39|12.00|176.09|0.00|0.00|0.00|0.00|0.00|0.00|
|C170|5|PROD008|CONJUNTO MONTADO H|10.93|UN|14083.77|6101|20|13373.84|12.00|1604.86|0.00|0.00|0.00|0.00|0.00|0.00|
|C100|1|0|98765432000188|55|00|000000301|000|28012024|30012024|11357.81|2124.57|254.95|0.00|0.00|0.00|0.00|0.00|0.00|0.00|0|22244466000133|
|C170|1|PROD003|MATERIAL BRUTO C|21.84|UN|6506.89|5101|40|0.00|12.00|0.00|0.00|0.00|0.00|0.00|0.00|0.00|
|C170|2|PROD002|COMPONENTE ELETRICO B|23.06|UN|1428.44|5101|50|0.00|12.00|0.00|0.00|0.00|0.00|0.00|0.00|0.00|
|C170|3|PROD001|PECA MECANICA TIPO A|21.12|UN|2180.10|5101|90|2124.57|12.00|254.95|0.00|0.00|0.00|0.00|0.00|0.00|
|C170|4|PROD005|INSUMO INDUSTRIAL E|33.23|UN|1205.07|5101|50|0.00|12.00|0.00|0.00|0.00|0.00|0.00|0.00|0.00|
|C170|5|PROD006|EMBALAGEM PADRAO F|4.18|UN|37.31|5101|30|0.00|12.00|0.00|0.00|0.00|0.00|0.00|0.00|0.00|
|C100|1|0|98765432000188|55|00|000000302|000|24012024|24012024|64226.29|54104.92|6492.59|0.00|0.00|0.00|0.00|0.00|0.00|0.00|0|55512312300010|
|C170|1|PROD008|CONJUNTO MONTADO H|29.89|UN|38587.30|5101|00|36015.92|12.00|4321.91|0.00|0.00|0.00|0.00|0.00|0.00|
|C170|2|PROD007|PARTE SOBRESSALENTE G|33.03|UN|2771.88|5101|51|2769.66|12.00|332.36|0.00|0.00|0.00|0.00|0.00|0.00|
|C170|3|PROD004|PRODUTO ACABADO D|25.48|UN|17708.09|5101|00|15115.95|12.00|1813.91|0.00|0.00|0.00|0.00|0.00|0.00|
|C170|4|PROD001|PECA MECANICA TIPO A|46.52|UN|4938.99|5101|40|0.00|12.00|0.00|0.00|0.00|0.00|0.00|0.00|0.00|
|C170|5|PROD006|EMBALAGEM PADRAO F|26.67|UN|220.03|5101|20|203.39|12.00|24.41|0.00|0.00|0.00|0.00|0.00|0.00|
|C100|1|0|98765432000188|55|00|000000303|000|03012024|05012024|51734.05|5637.18|676.47|0.00|0.00|0.00|0.00|0.00|0.00|0.00|0|55512312300010|
|C170|1|PROD004|PRODUTO ACABADO D|28.59|UN|20155.76|6102|40|0.00|12.00|0.00|0.00|0.00|0.00|0.00|0.00|0.00|
|C170|2|PROD006|EMBALAGEM PADRAO F|37.03|UN|420.63|6102|10|359.31|12.00|43.12|0.00|0.00|0.00|0.00|0.00|0.00|
|C170|3|PROD005|INSUMO INDUSTRIAL E|25.05|UN|512.56|6102|10|481.39|12.00|57.77|0.00|0.00|0.00|0.00|0.00|0.00|
|C170|4|PROD008|CONJUNTO MONTADO H|20.13|UN|25334.06|6102|40|0.00|12.00|0.00|0.00|0.00|0.00|0.00|0.00|0.00|
|C170|5|PROD001|PECA MECANICA TIPO A|49.53|UN|5311.04|6102|00|4796.48|12.00|575.58|0.00|0.00|0.00|0.00|0.00|0.00|
|C100|1|0|98765432000188|55|00|000000304|000|07012024|09012024|4278.00|3808.14|456.98|0.00|0.00|0.00|0.00|0.00|0.00|0.00|0|55512312300010|
|C170|1|PROD007|PARTE SOBRESSALENTE G|28.88|UN|4016.35|5403|20|3583.98|12.00|430.08|0.00|0.00|0.00|0.00|0.00|0.00|
|C170|2|PROD006|EMBALAGEM PADRAO F|27.00|UN|261.65|5403|00|224.16|12.00|26.90|0.00|0.00|0.00|0.00|0.00|0.00|
|C100|1|0|98765432000188|55|00|000000305|000|12012024|12012024|27291.51|7408.01|888.96|0.00|0.00|0.00|0.00|0.00|0.00|0.00|0|22244466000133|
|C170|1|PROD006|EMBALAGEM PADRAO F|24.17|UN|182.25|5403|00|158.49|12.00|19.02|0.00|0.00|0.00|0.00|0.00|0.00|
|C170|2|PROD008|CONJUNTO MONTADO H|6.54|UN|7902.32|5403|00|7249.52|12.00|869.94|0.00|0.00|0.00|0.00|0.00|0.00|
|C170|3|PROD006|EMBALAGEM PADRAO F|49.04|UN|416.33|5403|40|0.00|12.00|0.00|0.00|0.00|0.00|0.00|0.00|0.00|
|C170|4|PROD004|PRODUTO ACABADO D|19.32|UN|18790.61|5403|60|0.00|12.00|0.00|0.00|0.00|0.00|0.00|0.00|0.00|
|C100|1|0|98765432000188|55|00|000000306|000|21012024|23012024|41706.70|37023.16|4442.78|0.00|0.00|0.00|0.00|0.00|0.00|0.00|0|33366699000100|
|C170|1|PROD002|COMPONENTE ELETRICO B|18.18|UN|1318.63|5102|50|0.00|12.00|0.00|0.00|0.00|0.00|0.00|0.00|0.00|
|C170|2|PROD004|PRODUTO ACABADO D|30.97|UN|16400.47|5102|10|14565.68|12.00|1747.88|0.00|0.00|0.00|0.00|0.00|0.00|
|C170|3|PROD005|INSUMO INDUSTRIAL E|32.38|UN|593.20|5102|10|547.90|12.00|65.75|0.00|0.00|0.00|0.00|0.00|0.00|
|C170|4|PROD004|PRODUTO ACABADO D|29.29|UN|22638.35|5102|90|21195.82|12.00|2543.50|0.00|0.00|0.00|0.00|0.00|0.00|
|C170|5|PROD001|PECA MECANICA TIPO A|11.33|UN|756.05|5102|00|713.76|12.00|85.65|0.00|0.00|0.00|0.00|0.00|0.00|
|C100|1|0|98765432000188|55|00|000000307|000|25012024|28012024|2623.35|292.89|35.15|0.00|0.00|0.00|0.00|0.00|0.00|0.00|0|77788899000177|
|C170|1|PROD001|PECA MECANICA TIPO A|26.99|UN|2323.40|6101|40|0.00|12.00|0.00|0.00|0.00|0.00|0.00|0.00|0.00|
|C170|2|PROD006|EMBALAGEM PADRAO F|39.36|UN|299.95|6101|00|292.89|12.00|35.15|0.00|0.00|0.00|0.00|0.00|0.00|
|C100|1|0|98765432000188|55|00|000000308|000|14012024|15012024|3053.63|684.69|82.16|0.00|0.00|0.00|0.00|0.00|0.00|0.00|0|77788899000177|
|C170|1|PROD005|INSUMO INDUSTRIAL E|27.89|UN|788.28|5101|20|684.69|12.00|82.16|0.00|0.00|0.00|0.00|0.00|0.00|
|C170|2|PROD003|MATERIAL BRUTO C|10.13|UN|2265.35|5101|40|0.00|12.00|0.00|0.00|0.00|0.00|0.00|0.00|0.00|
|C100|1|0|98765432000188|55|00|000000309|000|07012024|09012024|4879.58|2197.32|263.68|0.00|0.00|0.00|0.00|0.00|0.00|0.00|0|99900011000155|
|C170|1|PROD001|PECA MECANICA TIPO A|40.23|UN|2398.63|6102|00|2197.32|12.00|263.68|0.00|0.00|0.00|0.00|0.00|0.00|
|C170|2|PROD002|COMPONENTE ELETRICO B|23.54|UN|1265.02|6102|60|0.00|12.00|0.00|0.00|0.00|0.00|0.00|0.00|0.00|
|C170|3|PROD008|CONJUNTO MONTADO H|1.40|UN|1215.93|6102|40|0.00|12.00|0.00|0.00|0.00|0.00|0.00|0.00|0.00|
|C100|1|0|98765432000188|55|00|000000310|000|12012024|12012024|42970.37|28512.63|3421.52|0.00|0.00|0.00|0.00|0.00|0.00|0.00|0|22244466000133|
|C170|1|PROD008|CONJUNTO MONTADO H|24.64|UN|31826.93|5401|00|28488.23|12.00|3418.59|0.00|0.00|0.00|0.00|0.00|0.00|
|C170|2|PROD006|EMBALAGEM PADRAO F|4.63|UN|27.25|5401|10|24.40|12.00|2.93|0.00|0.00|0.00|0.00|0.00|0.00|
|C170|3|PROD004|PRODUTO ACABADO D|16.64|UN|11116.19|5401|30|0.00|12.00|0.00|0.00|0.00|0.00|0.00|0.00|0.00|
|C100|1|0|98765432000188|55|00|000000311|000|03012024|05012024|24446.71|20556.79|2466.81|0.00|0.00|0.00|0.00|0.00|0.00|0.00|0|55512312300010|
|C170|1|PROD001|PECA MECANICA TIPO A|23.51|UN|1258.13|5403|00|1075.95|12.00|129.11|0.00|0.00|0.00|0.00|0.00|0.00|
|C170|2|PROD005|INSUMO INDUSTRIAL E|39.57|UN|1000.03|5403|40|0.00|12.00|0.00|0.00|0.00|0.00|0.00|0.00|0.00|
|C170|3|PROD008|CONJUNTO MONTADO H|19.29|UN|22188.55|5403|90|19480.84|12.00|2337.70|0.00|0.00|0.00|0.00|0.00|0.00|
|C100|1|0|98765432000188|55|00|000000312|000|09012024|10012024|64289.70|32401.46|3888.18|0.00|0.00|0.00|0.00|0.00|0.00|0.00|0|99900011000155|
|C170|1|PROD001|PECA MECANICA TIPO A|40.52|UN|3549.81|5102|10|3230.19|12.00|387.62|0.00|0.00|0.00|0.00|0.00|0.00|
|C170|2|PROD005|INSUMO INDUSTRIAL E|38.19|UN|807.76|5102|60|0.00|12.00|0.00|0.00|0.00|0.00|0.00|0.00|0.00|
|C170|3|PROD008|CONJUNTO MONTADO H|32.52|UN|28967.36|5102|50|0.00|12.00|0.00|0.00|0.00|0.00|0.00|0.00|0.00|
|C170|4|PROD007|PARTE SOBRESSALENTE G|3.96|UN|544.18|5102|00|474.46|12.00|56.94|0.00|0.00|0.00|0.00|0.00|0.00|
|C170|5|PROD008|CONJUNTO MONTADO H|24.85|UN|30420.59|5102|20|28696.81|12.00|3443.62|0.00|0.00|0.00|0.00|0.00|0.00|
|C100|1|0|98765432000188|55|00|000000313|000|09012024|10012024|1467.92|0.00|0.00|0.00|0.00|0.00|0.00|0.00|0.00|0.00|0|33366699000100|
|C170|1|PROD001|PECA MECANICA TIPO A|26.70|UN|1467.92|5101|30|0.00|12.00|0.00|0.00|0.00|0.00|0.00|0.00|0.00|
|C100|1|0|98765432000188|55|00|000000314|000|14012024|14012024|7124.33|2925.50|351.06|0.00|0.00|0.00|0.00|0.00|0.00|0.00|0|99900011000155|
|C170|1|PROD007|PARTE SOBRESSALENTE G|29.73|UN|3257.27|5102|90|2925.50|12.00|351.06|0.00|0.00|0.00|0.00|0.00|0.00|
|C170|2|PROD007|PARTE SOBRESSALENTE G|26.91|UN|3867.06|5102|60|0.00|12.00|0.00|0.00|0.00|0.00|0.00|0.00|0.00|
|C100|1|0|98765432000188|55|00|000000315|000|04012024|04012024|46581.62|24632.04|2955.84|0.00|0.00|0.00|0.00|0.00|0.00|0.00|0|55512312300010|
|C170|1|PROD001|PECA MECANICA TIPO A|32.51|UN|3606.76|5401|50|0.00|12.00|0.00|0.00|0.00|0.00|0.00|0.00|0.00|
|C170|2|PROD002|COMPONENTE ELETRICO B|15.03|UN|1222.08|5401|40|0.00|12.00|0.00|0.00|0.00|0.00|0.00|0.00|0.00|
|C170|3|PROD004|PRODUTO ACABADO D|19.83|UN|12790.50|5401|70|0.00|12.00|0.00|0.00|0.00|0.00|0.00|0.00|0.00|
|C170|4|PROD004|PRODUTO ACABADO D|45.52|UN|28962.28|5401|90|24632.04|12.00|2955.84|0.00|0.00|0.00|0.00|0.00|0.00|
|C100|1|0|98765432000188|55|00|000000316|000|31012024|31012024|4233.98|460.50|55.26|0.00|0.00|0.00|0.00|0.00|0.00|0.00|0|77788899000177|
|C170|1|PROD006|EMBALAGEM PADRAO F|35.09|UN|210.91|5102|00|188.27|12.00|22.59|0.00|0.00|0.00|0.00|0.00|0.00|
|C170|2|PROD007|PARTE SOBRESSALENTE G|25.02|UN|3723.08|5102|41|0.00|12.00|0.00|0.00|0.00|0.00|0.00|0.00|0.00|
|C170|3|PROD005|INSUMO INDUSTRIAL E|13.06|UN|299.99|5102|00|272.23|12.00|32.67|0.00|0.00|0.00|0.00|0.00|0.00|
|C100|1|0|98765432000188|55|00|000000317|000|30012024|01022024|4380.78|3193.59|383.23|0.00|0.00|0.00|0.00|0.00|0.00|0.00|0|55512312300010|
|C170|1|PROD006|EMBALAGEM PADRAO F|39.78|UN|456.66|5401|30|0.00|12.00|0.00|0.00|0.00|0.00|0.00|0.00|0.00|
|C170|2|PROD006|EMBALAGEM PADRAO F|49.28|UN|264.14|5401|40|0.00|12.00|0.00|0.00|0.00|0.00|0.00|0.00|0.00|
|C170|3|PROD001|PECA MECANICA TIPO A|38.92|UN|2240.78|5401|00|1949.52|12.00|233.94|0.00|0.00|0.00|0.00|0.00|0.00|
|C170|4|PROD001|PECA MECANICA TIPO A|13.73|UN|1419.20|5401|00|1244.07|12.00|149.29|0.00|0.00|0.00|0.00|0.00|0.00|
|C100|1|0|98765432000188|55|00|000000318|000|06012024|08012024|14065.70|13237.31|1588.48|0.00|0.00|0.00|0.00|0.00|0.00|0.00|0|77788899000177|
|C170|1|PROD004|PRODUTO ACABADO D|20.57|UN|14065.70|6102|00|13237.31|12.00|1588.48|0.00|0.00|0.00|0.00|0.00|0.00|
|C100|1|0|98765432000188|55|00|000000319|000|09012024|09012024|6267.92|0.00|0.00|0.00|0.00|0.00|0.00|0.00|0.00|0.00|0|22244466000133|
|C170|1|PROD003|MATERIAL BRUTO C|22.30|UN|5663.85|6101|50|0.00|12.00|0.00|0.00|0.00|0.00|0.00|0.00|0.00|
|C170|2|PROD002|COMPONENTE ELETRICO B|7.88|UN|384.14|6101|70|0.00|12.00|0.00|0.00|0.00|0.00|0.00|0.00|0.00|
|C170|3|PROD006|EMBALAGEM PADRAO F|40.21|UN|219.93|6101|60|0.00|12.00|0.00|0.00|0.00|0.00|0.00|0.00|0.00|
|C100|1|0|98765432000188|55|00|000000320|000|18012024|18012024|26435.27|4536.53|544.39|0.00|0.00|0.00|0.00|0.00|0.00|0.00|0|33366699000100|
|C170|1|PROD001|PECA MECANICA TIPO A|17.13|UN|1741.09|5403|10|1526.49|12.00|183.18|0.00|0.00|0.00|0.00|0.00|0.00|
|C170|2|PROD003|MATERIAL BRUTO C|5.20|UN|1495.33|5403|00|1424.80|12.00|170.98|0.00|0.00|0.00|0.00|0.00|0.00|
|C170|3|PROD004|PRODUTO ACABADO D|32.87|UN|18960.07|5403|40|0.00|12.00|0.00|0.00|0.00|0.00|0.00|0.00|0.00|
|C170|4|PROD002|COMPONENTE ELETRICO B|30.77|UN|1775.91|5403|00|1585.24|12.00|190.23|0.00|0.00|0.00|0.00|0.00|0.00|
|C170|5|PROD001|PECA MECANICA TIPO A|37.80|UN|2462.87|5403|30|0.00|12.00|0.00|0.00|0.00|0.00|0.00|0.00|0.00|
|C100|1|0|98765432000188|55|00|000000321|000|23012024|26012024|17106.11|1922.19|230.66|0.00|0.00|0.00|0.00|0.00|0.00|0.00|0|33366699000100|
|C170|1|PROD002|COMPONENTE ELETRICO B|45.38|UN|3430.43|6101|50|0.00|12.00|0.00|0.00|0.00|0.00|0.00|0.00|0.00|
|C170|2|PROD001|PECA MECANICA TIPO A|2.50|UN|203.47|6101|60|0.00|12.00|0.00|0.00|0.00|0.00|0.00|0.00|0.00|
|C170|3|PROD007|PARTE SOBRESSALENTE G|8.46|UN|1095.26|6101|30|0.00|12.00|0.00|0.00|0.00|0.00|0.00|0.00|0.00|
|C170|4|PROD004|PRODUTO ACABADO D|15.83|UN|10252.04|6101|40|0.00|12.00|0.00|0.00|0.00|0.00|0.00|0.00|0.00|
|C170|5|PROD002|COMPONENTE ELETRICO B|25.66|UN|2124.91|6101|10|1922.19|12.00|230.66|0.00|0.00|0.00|0.00|0.00|0.00|
|C100|1|0|98765432000188|55|00|000000322|000|18012024|18012024|10164.38|3533.73|424.05|0.00|0.00|0.00|0.00|0.00|0.00|0.00|0|33366699000100|
|C170|1|PROD002|COMPONENTE ELETRICO B|23.40|UN|1561.45|6102|70|0.00|12.00|0.00|0.00|0.00|0.00|0.00|0.00|0.00|
|C170|2|PROD002|COMPONENTE ELETRICO B|47.63|UN|3820.96|6102|10|3404.35|12.00|408.52|0.00|0.00|0.00|0.00|0.00|0.00|
|C170|3|PROD007|PARTE SOBRESSALENTE G|32.32|UN|2905.93|6102|60|0.00|12.00|0.00|0.00|0.00|0.00|0.00|0.00|0.00|
|C170|4|PROD001|PECA MECANICA TIPO A|16.35|UN|1728.78|6102|40|0.00|12.00|0.00|0.00|0.00|0.00|0.00|0.00|0.00|
|C170|5|PROD006|EMBALAGEM PADRAO F|28.43|UN|147.26|6102|00|129.38|12.00|15.53|0.00|0.00|0.00|0.00|0.00|0.00|
|C100|1|0|98765432000188|55|00|000000323|000|11012024|12012024|11653.02|11591.22|1390.95|0.00|0.00|0.00|0.00|0.00|0.00|0.00|0|99900011000155|
|C170|1|PROD003|MATERIAL BRUTO C|41.61|UN|11653.02|5102|00|11591.22|12.00|1390.95|0.00|0.00|0.00|0.00|0.00|0.00|
|C100|1|0|98765432000188|55|00|000000324|000|06012024|08012024|83.04|0.00|0.00|0.00|0.00|0.00|0.00|0.00|0.00|0.00|0|33366699000100|
|C170|1|PROD006|EMBALAGEM PADRAO F|8.23|UN|83.04|6102|40|0.00|12.00|0.00|0.00|0.00|0.00|0.00|0.00|0.00|
|C100|1|0|98765432000188|55|00|000000325|000|13012024|14012024|22824.63|15435.24|1852.23|0.00|0.00|0.00|0.00|0.00|0.00|0.00|0|33366699000100|
|C170|1|PROD007|PARTE SOBRESSALENTE G|49.76|UN|5226.76|5403|70|0.00|12.00|0.00|0.00|0.00|0.00|0.00|0.00|0.00|
|C170|2|PROD006|EMBALAGEM PADRAO F|48.41|UN|540.73|5403|00|503.17|12.00|60.38|0.00|0.00|0.00|0.00|0.00|0.00|
|C170|3|PROD008|CONJUNTO MONTADO H|22.61|UN|16449.91|5403|20|14932.07|12.00|1791.85|0.00|0.00|0.00|0.00|0.00|0.00|
|C170|4|PROD002|COMPONENTE ELETRICO B|16.24|UN|607.23|5403|60|0.00|12.00|0.00|0.00|0.00|0.00|0.00|0.00|0.00|
|C100|1|0|98765432000188|55|00|000000326|000|21012024|24012024|17382.99|15689.59|1882.75|0.00|0.00|0.00|0.00|0.00|0.00|0.00|0|77788899000177|
|C170|1|PROD006|EMBALAGEM PADRAO F|35.34|UN|398.27|6102|20|390.10|12.00|46.81|0.00|0.00|0.00|0.00|0.00|0.00|
|C170|2|PROD008|CONJUNTO MONTADO H|4.68|UN|4743.27|6102|10|4596.34|12.00|551.56|0.00|0.00|0.00|0.00|0.00|0.00|
|C170|3|PROD003|MATERIAL BRUTO C|42.30|UN|8788.04|6102|00|7758.08|12.00|930.97|0.00|0.00|0.00|0.00|0.00|0.00|
|C170|4|PROD008|CONJUNTO MONTADO H|2.75|UN|3453.41|6102|51|2945.07|12.00|353.41|0.00|0.00|0.00|0.00|0.00|0.00|
|C100|1|0|98765432000188|55|00|000000327|000|23012024|26012024|8788.34|3505.43|420.65|0.00|0.00|0.00|0.00|0.00|0.00|0.00|0|99900011000155|
|C170|1|PROD007|PARTE SOBRESSALENTE G|14.55|UN|1667.02|5102|00|1433.15|12.00|171.98|0.00|0.00|0.00|0.00|0.00|0.00|
|C170|2|PROD007|PARTE SOBRESSALENTE G|37.50|UN|4999.39|5102|30|0.00|12.00|0.00|0.00|0.00|0.00|0.00|0.00|0.00|
|C170|3|PROD002|COMPONENTE ELETRICO B|33.88|UN|2121.93|5102|20|2072.28|12.00|248.67|0.00|0.00|0.00|0.00|0.00|0.00|
|C100|1|0|98765432000188|55|00|000000328|000|19012024|21012024|1921.78|0.00|0.00|0.00|0.00|0.00|0.00|0.00|0.00|0.00|0|77788899000177|
|C170|1|PROD002|COMPONENTE ELETRICO B|40.44|UN|1589.78|6102|60|0.00|12.00|0.00|0.00|0.00|0.00|0.00|0.00|0.00|
|C170|2|PROD006|EMBALAGEM PADRAO F|29.25|UN|332.00|6102|40|0.00|12.00|0.00|0.00|0.00|0.00|0.00|0.00|0.00|
|C100|1|0|98765432000188|55|00|000000329|000|25012024|28012024|78902.27|18349.34|2201.92|0.00|0.00|0.00|0.00|0.00|0.00|0.00|0|77788899000177|
|C170|1|PROD005|INSUMO INDUSTRIAL E|14.44|UN|470.18|6101|00|463.39|12.00|55.61|0.00|0.00|0.00|0.00|0.00|0.00|
|C170|2|PROD004|PRODUTO ACABADO D|23.37|UN|18984.60|6101|00|17885.95|12.00|2146.31|0.00|0.00|0.00|0.00|0.00|0.00|
|C170|3|PROD008|CONJUNTO MONTADO H|18.99|UN|16423.92|6101|50|0.00|12.00|0.00|0.00|0.00|0.00|0.00|0.00|0.00|
|C170|4|PROD008|CONJUNTO MONTADO H|36.55|UN|43023.57|6101|40|0.00|12.00|0.00|0.00|0.00|0.00|0.00|0.00|0.00|
|C100|1|0|98765432000188|55|00|000000330|000|21012024|22012024|25199.74|24168.54|2900.23|0.00|0.00|0.00|0.00|0.00|0.00|0.00|0|55512312300010|
|C170|1|PROD003|MATERIAL BRUTO C|3.79|UN|762.71|5401|20|746.08|12.00|89.53|0.00|0.00|0.00|0.00|0.00|0.00|
|C170|2|PROD004|PRODUTO ACABADO D|33.12|UN|24437.03|5401|10|23422.46|12.00|2810.70|0.00|0.00|0.00|0.00|0.00|0.00|
|C100|1|0|98765432000188|55|00|000000331|000|30012024|01022024|3102.69|199.61|23.95|0.00|0.00|0.00|0.00|0.00|0.00|0.00|0|99900011000155|
|C170|1|PROD006|EMBALAGEM PADRAO F|20.57|UN|215.63|6101|20|199.61|12.00|23.95|0.00|0.00|0.00|0.00|0.00|0.00|
|C170|2|PROD005|INSUMO INDUSTRIAL E|35.51|UN|930.09|6101|41|0.00|12.00|0.00|0.00|0.00|0.00|0.00|0.00|0.00|
|C170|3|PROD007|PARTE SOBRESSALENTE G|12.65|UN|1956.97|6101|50|0.00|12.00|0.00|0.00|0.00|0.00|0.00|0.00|0.00|
|C100|1|0|98765432000188|55|00|000000332|000|12012024|12012024|2585.36|1810.19|217.22|0.00|0.00|0.00|0.00|0.00|0.00|0.00|0|99900011000155|
|C170|1|PROD005|INSUMO INDUSTRIAL E|9.39|UN|369.28|6101|40|0.00|12.00|0.00|0.00|0.00|0.00|0.00|0.00|0.00|
|C170|2|PROD006|EMBALAGEM PADRAO F|17.50|UN|111.45|6101|50|0.00|12.00|0.00|0.00|0.00|0.00|0.00|0.00|0.00|
|C170|3|PROD003|MATERIAL BRUTO C|10.26|UN|2104.63|6101|10|1810.19|12.00|217.22|0.00|0.00|0.00|0.00|0.00|0.00|
|C100|1|0|98765432000188|55|00|000000333|000|04012024|07012024|22546.22|20812.25|2497.47|0.00|0.00|0.00|0.00|0.00|0.00|0.00|0|33366699000100|
|C170|1|PROD001|PECA MECANICA TIPO A|5.88|UN|539.24|5102|20|486.07|12.00|58.33|0.00|0.00|0.00|0.00|0.00|0.00|
|C170|2|PROD006|EMBALAGEM PADRAO F|33.95|UN|402.02|5102|50|0.00|12.00|0.00|0.00|0.00|0.00|0.00|0.00|0.00|
|C170|3|PROD008|CONJUNTO MONTADO H|22.02|UN|21604.96|5102|10|20326.18|12.00|2439.14|0.00|0.00|0.00|0.00|0.00|0.00|
|C100|1|0|98765432000188|55|00|000000334|000|24012024|24012024|23874.69|21143.16|2537.18|0.00|0.00|0.00|0.00|0.00|0.00|0.00|0|33366699000100|
|C170|1|PROD004|PRODUTO ACABADO D|25.34|UN|23874.69|5401|00|21143.16|12.00|2537.18|0.00|0.00|0.00|0.00|0.00|0.00|
|C100|1|0|98765432000188|55|00|000000335|000|14012024|17012024|70206.69|13024.94|1562.99|0.00|0.00|0.00|0.00|0.00|0.00|0.00|0|77788899000177|
|C170|1|PROD007|PARTE SOBRESSALENTE G|47.84|UN|6422.94|6101|00|6254.85|12.00|750.58|0.00|0.00|0.00|0.00|0.00|0.00|
|C170|2|PROD008|CONJUNTO MONTADO H|6.49|UN|6886.99|6101|20|6770.09|12.00|812.41|0.00|0.00|0.00|0.00|0.00|0.00|
|C170|3|PROD008|CONJUNTO MONTADO H|43.79|UN|55662.47|6101|40|0.00|12.00|0.00|0.00|0.00|0.00|0.00|0.00|0.00|
|C170|4|PROD002|COMPONENTE ELETRICO B|28.94|UN|1234.29|6101|70|0.00|12.00|0.00|0.00|0.00|0.00|0.00|0.00|0.00|
|C100|1|0|98765432000188|55|00|000000336|000|22012024|25012024|63159.25|42789.26|5134.71|0.00|0.00|0.00|0.00|0.00|0.00|0.00|0|33366699000100|
|C170|1|PROD008|CONJUNTO MONTADO H|45.26|UN|45656.41|6102|10|42789.26|12.00|5134.71|0.00|0.00|0.00|0.00|0.00|0.00|
|C170|2|PROD008|CONJUNTO MONTADO H|12.96|UN|16848.53|6102|60|0.00|12.00|0.00|0.00|0.00|0.00|0.00|0.00|0.00|
|C170|3|PROD001|PECA MECANICA TIPO A|11.65|UN|654.31|6102|40|0.00|12.00|0.00|0.00|0.00|0.00|0.00|0.00|0.00|
|C100|1|0|98765432000188|55|00|000000337|000|08012024|08012024|5276.69|4068.65|488.24|0.00|0.00|0.00|0.00|0.00|0.00|0.00|0|77788899000177|
|C170|1|PROD005|INSUMO INDUSTRIAL E|17.38|UN|716.49|5101|60|0.00|12.00|0.00|0.00|0.00|0.00|0.00|0.00|0.00|
|C170|2|PROD002|COMPONENTE ELETRICO B|33.99|UN|1069.08|5101|00|1057.50|12.00|126.90|0.00|0.00|0.00|0.00|0.00|0.00|
|C170|3|PROD002|COMPONENTE ELETRICO B|5.68|UN|420.73|5101|00|383.97|12.00|46.08|0.00|0.00|0.00|0.00|0.00|0.00|
|C170|4|PROD007|PARTE SOBRESSALENTE G|27.81|UN|3052.98|5101|00|2612.18|12.00|313.46|0.00|0.00|0.00|0.00|0.00|0.00|
|C170|5|PROD006|EMBALAGEM PADRAO F|3.18|UN|17.41|5101|00|15.00|12.00|1.80|0.00|0.00|0.00|0.00|0.00|0.00|
|C100|1|0|98765432000188|55|00|000000338|000|01012024|01012024|736.34|686.65|82.40|0.00|0.00|0.00|0.00|0.00|0.00|0.00|0|33366699000100|
|C170|1|PROD002|COMPONENTE ELETRICO B|13.83|UN|736.34|5403|20|686.65|12.00|82.40|0.00|0.00|0.00|0.00|0.00|0.00|
|C100|1|0|98765432000188|55|00|000000339|000|15012024|16012024|8348.67|0.00|0.00|0.00|0.00|0.00|0.00|0.00|0.00|0.00|0|99900011000155|
|C170|1|PROD003|MATERIAL BRUTO C|30.72|UN|8348.67|5102|60|0.00|12.00|0.00|0.00|0.00|0.00|0.00|0.00|0.00|
|C100|1|0|98765432000188|55|00|000000340|000|07012024|08012024|26117.87|23151.12|2778.14|0.00|0.00|0.00|0.00|0.00|0.00|0.00|0|55512312300010|
|C170|1|PROD002|COMPONENTE ELETRICO B|11.44|UN|472.09|5101|10|408.67|12.00|49.04|0.00|0.00|0.00|0.00|0.00|0.00|
|C170|2|PROD003|MATERIAL BRUTO C|21.16|UN|4441.91|5101|00|3789.49|12.00|454.74|0.00|0.00|0.00|0.00|0.00|0.00|
|C170|3|PROD004|PRODUTO ACABADO D|42.33|UN|21203.87|5101|00|18952.96|12.00|2274.36|0.00|0.00|0.00|0.00|0.00|0.00|
|C100|1|0|98765432000188|55|00|000000341|000|04012024|05012024|4077.15|1643.73|197.25|0.00|0.00|0.00|0.00|0.00|0.00|0.00|0|77788899000177|
|C170|1|PROD003|MATERIAL BRUTO C|7.53|UN|2318.53|5401|41|0.00|12.00|0.00|0.00|0.00|0.00|0.00|0.00|0.00|
|C170|2|PROD006|EMBALAGEM PADRAO F|49.93|UN|488.79|5401|00|432.48|12.00|51.90|0.00|0.00|0.00|0.00|0.00|0.00|
|C170|3|PROD005|INSUMO INDUSTRIAL E|48.05|UN|1269.83|5401|51|1211.25|12.00|145.35|0.00|0.00|0.00|0.00|0.00|0.00|
|C100|1|0|98765432000188|55|00|000000342|000|22012024|22012024|15294.49|6323.70|758.84|0.00|0.00|0.00|0.00|0.00|0.00|0.00|0|77788899000177|
|C170|1|PROD007|PARTE SOBRESSALENTE G|44.67|UN|5572.14|5403|40|0.00|12.00|0.00|0.00|0.00|0.00|0.00|0.00|0.00|
|C170|2|PROD001|PECA MECANICA TIPO A|25.34|UN|2249.53|5403|50|0.00|12.00|0.00|0.00|0.00|0.00|0.00|0.00|0.00|
|C170|3|PROD005|INSUMO INDUSTRIAL E|23.24|UN|614.57|5403|40|0.00|12.00|0.00|0.00|0.00|0.00|0.00|0.00|0.00|
|C170|4|PROD007|PARTE SOBRESSALENTE G|45.97|UN|6858.25|5403|00|6323.70|12.00|758.84|0.00|0.00|0.00|0.00|0.00|0.00|
|C100|1|0|98765432000188|55|00|000000343|000|05012024|06012024|51364.27|20489.02|2458.68|0.00|0.00|0.00|0.00|0.00|0.00|0.00|0|55512312300010|
|C170|1|PROD001|PECA MECANICA TIPO A|8.88|UN|616.35|6101|20|527.49|12.00|63.30|0.00|0.00|0.00|0.00|0.00|0.00|
|C170|2|PROD008|CONJUNTO MONTADO H|18.70|UN|20774.01|6101|10|19961.53|12.00|2395.38|0.00|0.00|0.00|0.00|0.00|0.00|
|C170|3|PROD002|COMPONENTE ELETRICO B|21.09|UN|1223.77|6101|50|0.00|12.00|0.00|0.00|0.00|0.00|0.00|0.00|0.00|
|C170|4|PROD004|PRODUTO ACABADO D|32.62|UN|28680.98|6101|50|0.00|12.00|0.00|0.00|0.00|0.00|0.00|0.00|0.00|
|C170|5|PROD006|EMBALAGEM PADRAO F|11.94|UN|69.16|6101|40|0.00|12.00|0.00|0.00|0.00|0.00|0.00|0.00|0.00|
|C100|1|0|98765432000188|55|00|000000344|000|16012024|19012024|1149.95|1116.29|133.95|0.00|0.00|0.00|0.00|0.00|0.00|0.00|0|55512312300010|
|C170|1|PROD002|COMPONENTE ELETRICO B|32.05|UN|1149.95|5401|51|1116.29|12.00|133.95|0.00|0.00|0.00|0.00|0.00|0.00|
|C100|1|0|98765432000188|55|00|000000345|000|11012024|12012024|2907.81|0.00|0.00|0.00|0.00|0.00|0.00|0.00|0.00|0.00|0|99900011000155|
|C170|1|PROD007|PARTE SOBRESSALENTE G|27.43|UN|2907.81|6101|40|0.00|12.00|0.00|0.00|0.00|0.00|0.00|0.00|0.00|
|C100|1|0|98765432000188|55|00|000000346|000|02012024|04012024|4008.57|1308.93|157.07|0.00|0.00|0.00|0.00|0.00|0.00|0.00|0|77788899000177|
|C170|1|PROD005|INSUMO INDUSTRIAL E|22.95|UN|762.34|5401|10|651.54|12.00|78.18|0.00|0.00|0.00|0.00|0.00|0.00|
|C170|2|PROD007|PARTE SOBRESSALENTE G|21.12|UN|2562.04|5401|50|0.00|12.00|0.00|0.00|0.00|0.00|0.00|0.00|0.00|
|C170|3|PROD005|INSUMO INDUSTRIAL E|44.92|UN|684.19|5401|90|657.39|12.00|78.89|0.00|0.00|0.00|0.00|0.00|0.00|
|C100|1|0|98765432000188|55|00|000000347|000|25012024|27012024|44855.08|38327.77|4599.33|0.00|0.00|0.00|0.00|0.00|0.00|0.00|0|55512312300010|
|C170|1|PROD005|INSUMO INDUSTRIAL E|18.59|UN|604.64|5102|40|0.00|12.00|0.00|0.00|0.00|0.00|0.00|0.00|0.00|
|C170|2|PROD003|MATERIAL BRUTO C|38.03|UN|11450.29|5102|00|11342.03|12.00|1361.04|0.00|0.00|0.00|0.00|0.00|0.00|
|C170|3|PROD001|PECA MECANICA TIPO A|42.62|UN|3474.12|5102|70|0.00|12.00|0.00|0.00|0.00|0.00|0.00|0.00|0.00|
|C170|4|PROD008|CONJUNTO MONTADO H|26.29|UN|29326.03|5102|20|26985.74|12.00|3238.29|0.00|0.00|0.00|0.00|0.00|0.00|
|C100|1|0|98765432000188|55|00|000000348|000|28012024|29012024|30453.57|29442.50|3533.10|0.00|0.00|0.00|0.00|0.00|0.00|0.00|0|99900011000155|
|C170|1|PROD008|CONJUNTO MONTADO H|38.35|UN|27686.31|6102|00|26771.11|12.00|3212.53|0.00|0.00|0.00|0.00|0.00|0.00|
|C170|2|PROD007|PARTE SOBRESSALENTE G|34.28|UN|2767.26|6102|00|2671.39|12.00|320.57|0.00|0.00|0.00|0.00|0.00|0.00|
|C100|1|0|98765432000188|55|00|000000349|000|10012024|13012024|1367.17|1299.22|155.91|0.00|0.00|0.00|0.00|0.00|0.00|0.00|0|99900011000155|
|C170|1|PROD007|PARTE SOBRESSALENTE G|15.46|UN|1367.17|5101|20|1299.22|12.00|155.91|0.00|0.00|0.00|0.00|0.00|0.00|
|C100|1|0|98765432000188|55|00|000000350|000|23012024|23012024|2521.10|2304.61|276.55|0.00|0.00|0.00|0.00|0.00|0.00|0.00|0|99900011000155|
|C170|1|PROD008|CONJUNTO MONTADO H|2.13|UN|2521.10|5401|10|2304.61|12.00|276.55|0.00|0.00|0.00|0.00|0.00|0.00|
|C100|1|0|98765432000188|55|00|000000351|000|03012024|06012024|27159.03|25645.18|3077.43|0.00|0.00|0.00|0.00|0.00|0.00|0.00|0|22244466000133|
|C170|1|PROD002|COMPONENTE ELETRICO B|15.73|UN|1291.43|5401|20|1232.48|12.00|147.90|0.00|0.00|0.00|0.00|0.00|0.00|
|C170|2|PROD004|PRODUTO ACABADO D|28.59|UN|19978.91|5401|00|19395.14|12.00|2327.42|0.00|0.00|0.00|0.00|0.00|0.00|
|C170|3|PROD007|PARTE SOBRESSALENTE G|49.00|UN|5888.69|5401|20|5017.56|12.00|602.11|0.00|0.00|0.00|0.00|0.00|0.00|
|C100|1|0|98765432000188|55|00|000000352|000|06012024|08012024|218.92|0.00|0.00|0.00|0.00|0.00|0.00|0.00|0.00|0.00|0|77788899000177|
|C170|1|PROD006|EMBALAGEM PADRAO F|33.32|UN|218.92|5403|41|0.00|12.00|0.00|0.00|0.00|0.00|0.00|0.00|0.00|
|C100|1|0|98765432000188|55|00|000000353|000|08012024|09012024|4458.78|3337.60|400.51|0.00|0.00|0.00|0.00|0.00|0.00|0.00|0|22244466000133|
|C170|1|PROD006|EMBALAGEM PADRAO F|24.66|UN|277.19|5401|40|0.00|12.00|0.00|0.00|0.00|0.00|0.00|0.00|0.00|
|C170|2|PROD007|PARTE SOBRESSALENTE G|40.73|UN|3453.75|5401|00|3337.60|12.00|400.51|0.00|0.00|0.00|0.00|0.00|0.00|
|C170|3|PROD005|INSUMO INDUSTRIAL E|13.78|UN|563.93|5401|30|0.00|12.00|0.00|0.00|0.00|0.00|0.00|0.00|0.00|
|C170|4|PROD005|INSUMO INDUSTRIAL E|5.95|UN|163.91|5401|40|0.00|12.00|0.00|0.00|0.00|0.00|0.00|0.00|0.00|
|C100|1|0|98765432000188|55|00|000000354|000|30012024|31012024|24802.76|363.81|43.66|0.00|0.00|0.00|0.00|0.00|0.00|0.00|0|99900011000155|
|C170|1|PROD007|PARTE SOBRESSALENTE G|26.84|UN|2373.37|5401|70|0.00|12.00|0.00|0.00|0.00|0.00|0.00|0.00|0.00|
|C170|2|PROD002|COMPONENTE ELETRICO B|10.39|UN|365.04|5401|20|363.81|12.00|43.66|0.00|0.00|0.00|0.00|0.00|0.00|
|C170|3|PROD004|PRODUTO ACABADO D|13.01|UN|8049.09|5401|50|0.00|12.00|0.00|0.00|0.00|0.00|0.00|0.00|0.00|
|C170|4|PROD003|MATERIAL BRUTO C|46.19|UN|14015.26|5401|50|0.00|12.00|0.00|0.00|0.00|0.00|0.00|0.00|0.00|
|C100|1|0|98765432000188|55|00|000000355|000|17012024|17012024|14036.99|10182.69|1221.92|0.00|0.00|0.00|0.00|0.00|0.00|0.00|0|55512312300010|
|C170|1|PROD003|MATERIAL BRUTO C|13.04|UN|3081.59|5102|41|0.00|12.00|0.00|0.00|0.00|0.00|0.00|0.00|0.00|
|C170|2|PROD001|PECA MECANICA TIPO A|14.27|UN|1441.56|5102|00|1417.41|12.00|170.09|0.00|0.00|0.00|0.00|0.00|0.00|
|C170|3|PROD007|PARTE SOBRESSALENTE G|40.50|UN|4759.21|5102|00|4625.37|12.00|555.04|0.00|0.00|0.00|0.00|0.00|0.00|
|C170|4|PROD001|PECA MECANICA TIPO A|48.41|UN|4754.63|5102|00|4139.91|12.00|496.79|0.00|0.00|0.00|0.00|0.00|0.00|
|C100|1|0|98765432000188|55|00|000000356|000|29012024|30012024|1008.36|946.63|113.60|0.00|0.00|0.00|0.00|0.00|0.00|0.00|0|55512312300010|
|C170|1|PROD001|PECA MECANICA TIPO A|17.49|UN|1008.36|5102|00|946.63|12.00|113.60|0.00|0.00|0.00|0.00|0.00|0.00|
|C100|1|0|98765432000188|55|00|000000357|000|21012024|22012024|2344.31|1861.14|223.34|0.00|0.00|0.00|0.00|0.00|0.00|0.00|0|55512312300010|
|C170|1|PROD001|PECA MECANICA TIPO A|10.99|UN|1152.74|5101|10|1002.06|12.00|120.25|0.00|0.00|0.00|0.00|0.00|0.00|
|C170|2|PROD001|PECA MECANICA TIPO A|4.69|UN|456.44|5101|00|432.25|12.00|51.87|0.00|0.00|0.00|0.00|0.00|0.00|
|C170|3|PROD006|EMBALAGEM PADRAO F|21.77|UN|250.11|5101|40|0.00|12.00|0.00|0.00|0.00|0.00|0.00|0.00|0.00|
|C170|4|PROD006|EMBALAGEM PADRAO F|47.37|UN|485.02|5101|10|426.83|12.00|51.22|0.00|0.00|0.00|0.00|0.00|0.00|
|C100|1|0|98765432000188|55|00|000000358|000|22012024|23012024|8843.75|5234.46|628.14|0.00|0.00|0.00|0.00|0.00|0.00|0.00|0|33366699000100|
|C170|1|PROD001|PECA MECANICA TIPO A|33.74|UN|3153.64|5401|40|0.00|12.00|0.00|0.00|0.00|0.00|0.00|0.00|0.00|
|C170|2|PROD007|PARTE SOBRESSALENTE G|16.24|UN|2253.88|5401|20|2153.06|12.00|258.37|0.00|0.00|0.00|0.00|0.00|0.00|
|C170|3|PROD001|PECA MECANICA TIPO A|27.16|UN|2976.25|5401|10|2623.41|12.00|314.81|0.00|0.00|0.00|0.00|0.00|0.00|
|C170|4|PROD006|EMBALAGEM PADRAO F|38.40|UN|459.98|5401|10|457.99|12.00|54.96|0.00|0.00|0.00|0.00|0.00|0.00|
|C100|1|0|98765432000188|55|00|000000359|000|17012024|18012024|29011.31|10065.09|1207.81|0.00|0.00|0.00|0.00|0.00|0.00|0.00|0|22244466000133|
|C170|1|PROD003|MATERIAL BRUTO C|33.19|UN|11454.19|6102|00|10065.09|12.00|1207.81|0.00|0.00|0.00|0.00|0.00|0.00|
|C170|2|PROD005|INSUMO INDUSTRIAL E|10.55|UN|316.33|6102|40|0.00|12.00|0.00|0.00|0.00|0.00|0.00|0.00|0.00|
|C170|3|PROD003|MATERIAL BRUTO C|41.45|UN|11467.83|6102|40|0.00|12.00|0.00|0.00|0.00|0.00|0.00|0.00|0.00|
|C170|4|PROD005|INSUMO INDUSTRIAL E|47.50|UN|1657.31|6102|40|0.00|12.00|0.00|0.00|0.00|0.00|0.00|0.00|0.00|
|C170|5|PROD007|PARTE SOBRESSALENTE G|43.92|UN|4115.65|6102|30|0.00|12.00|0.00|0.00|0.00|0.00|0.00|0.00|0.00|
|C100|1|0|98765432000188|55|00|000000360|000|01012024|04012024|4355.10|0.00|0.00|0.00|0.00|0.00|0.00|0.00|0.00|0.00|0|33366699000100|
|C170|1|PROD007|PARTE SOBRESSALENTE G|36.09|UN|4355.10|5401|40|0.00|12.00|0.00|0.00|0.00|0.00|0.00|0.00|0.00|
|C100|1|0|98765432000188|55|00|000000361|000|26012024|27012024|30292.26|2939.23|352.71|0.00|0.00|0.00|0.00|0.00|0.00|0.00|0|22244466000133|
|C170|1|PROD007|PARTE SOBRESSALENTE G|18.55|UN|1900.06|5401|40|0.00|12.00|0.00|0.00|0.00|0.00|0.00|0.00|0.00|
|C170|2|PROD007|PARTE SOBRESSALENTE G|25.12|UN|2979.57|5401|00|2939.23|12.00|352.71|0.00|0.00|0.00|0.00|0.00|0.00|
|C170|3|PROD008|CONJUNTO MONTADO H|28.71|UN|25412.63|5401|40|0.00|12.00|0.00|0.00|0.00|0.00|0.00|0.00|0.00|
|C100|1|0|98765432000188|55|00|000000362|000|10012024|13012024|128.12|126.66|15.20|0.00|0.00|0.00|0.00|0.00|0.00|0.00|0|55512312300010|
|C170|1|PROD001|PECA MECANICA TIPO A|1.43|UN|128.12|5401|51|126.66|12.00|15.20|0.00|0.00|0.00|0.00|0.00|0.00|
|C100|1|0|98765432000188|55|00|000000363|000|10012024|13012024|21888.89|12382.64|1485.91|0.00|0.00|0.00|0.00|0.00|0.00|0.00|0|22244466000133|
|C170|1|PROD003|MATERIAL BRUTO C|12.17|UN|4050.06|5102|90|3656.17|12.00|438.74|0.00|0.00|0.00|0.00|0.00|0.00|
|C170|2|PROD003|MATERIAL BRUTO C|32.93|UN|8019.29|5102|50|0.00|12.00|0.00|0.00|0.00|0.00|0.00|0.00|0.00|
|C170|3|PROD002|COMPONENTE ELETRICO B|2.01|UN|71.58|5102|00|70.36|12.00|8.44|0.00|0.00|0.00|0.00|0.00|0.00|
|C170|4|PROD004|PRODUTO ACABADO D|13.45|UN|9747.96|5102|51|8656.11|12.00|1038.73|0.00|0.00|0.00|0.00|0.00|0.00|
|C100|1|0|98765432000188|55|00|000000364|000|24012024|25012024|17133.88|12179.99|1461.59|0.00|0.00|0.00|0.00|0.00|0.00|0.00|0|33366699000100|
|C170|1|PROD001|PECA MECANICA TIPO A|31.11|UN|3703.33|6101|00|3615.79|12.00|433.89|0.00|0.00|0.00|0.00|0.00|0.00|
|C170|2|PROD007|PARTE SOBRESSALENTE G|37.41|UN|4396.26|6101|20|3831.33|12.00|459.76|0.00|0.00|0.00|0.00|0.00|0.00|
|C170|3|PROD001|PECA MECANICA TIPO A|47.66|UN|3585.79|6101|70|0.00|12.00|0.00|0.00|0.00|0.00|0.00|0.00|0.00|
|C170|4|PROD007|PARTE SOBRESSALENTE G|39.91|UN|5448.50|6101|00|4732.87|12.00|567.94|0.00|0.00|0.00|0.00|0.00|0.00|
|C100|1|0|98765432000188|55|00|000000365|000|25012024|25012024|3922.67|0.00|0.00|0.00|0.00|0.00|0.00|0.00|0.00|0.00|0|22244466000133|
|C170|1|PROD003|MATERIAL BRUTO C|12.33|UN|3723.19|5102|40|0.00|12.00|0.00|0.00|0.00|0.00|0.00|0.00|0.00|
|C170|2|PROD006|EMBALAGEM PADRAO F|29.64|UN|199.48|5102|40|0.00|12.00|0.00|0.00|0.00|0.00|0.00|0.00|0.00|
|C100|1|0|98765432000188|55|00|000000366|000|30012024|01022024|9133.49|7865.04|943.80|0.00|0.00|0.00|0.00|0.00|0.00|0.00|0|99900011000155|
|C170|1|PROD004|PRODUTO ACABADO D|8.61|UN|8125.43|5401|20|7865.04|12.00|943.80|0.00|0.00|0.00|0.00|0.00|0.00|
|C170|2|PROD005|INSUMO INDUSTRIAL E|25.47|UN|1008.06|5401|40|0.00|12.00|0.00|0.00|0.00|0.00|0.00|0.00|0.00|
|C100|1|0|98765432000188|55|00|000000367|000|11012024|13012024|21031.79|1998.75|239.85|0.00|0.00|0.00|0.00|0.00|0.00|0.00|0|33366699000100|
|C170|1|PROD006|EMBALAGEM PADRAO F|25.85|UN|150.17|6101|20|131.99|12.00|15.84|0.00|0.00|0.00|0.00|0.00|0.00|
|C170|2|PROD003|MATERIAL BRUTO C|6.35|UN|1946.20|6101|00|1866.76|12.00|224.01|0.00|0.00|0.00|0.00|0.00|0.00|
|C170|3|PROD004|PRODUTO ACABADO D|33.28|UN|18935.42|6101|40|0.00|12.00|0.00|0.00|0.00|0.00|0.00|0.00|0.00|
|C100|1|0|98765432000188|55|00|000000368|000|08012024|09012024|16779.10|1936.58|232.39|0.00|0.00|0.00|0.00|0.00|0.00|0.00|0|99900011000155|
|C170|1|PROD008|CONJUNTO MONTADO H|11.22|UN|14634.59|5102|60|0.00|12.00|0.00|0.00|0.00|0.00|0.00|0.00|0.00|
|C170|2|PROD002|COMPONENTE ELETRICO B|24.31|UN|866.31|5102|20|842.36|12.00|101.08|0.00|0.00|0.00|0.00|0.00|0.00|
|C170|3|PROD005|INSUMO INDUSTRIAL E|35.81|UN|1278.20|5102|00|1094.22|12.00|131.31|0.00|0.00|0.00|0.00|0.00|0.00|
|C100|1|0|98765432000188|55|00|000000369|000|11012024|13012024|1126.96|0.00|0.00|0.00|0.00|0.00|0.00|0.00|0.00|0.00|0|22244466000133|
|C170|1|PROD002|COMPONENTE ELETRICO B|19.51|UN|1126.96|5101|70|0.00|12.00|0.00|0.00|0.00|0.00|0.00|0.00|0.00|
|C100|1|0|98765432000188|55|00|000000370|000|12012024|12012024|685.94|96.96|11.64|0.00|0.00|0.00|0.00|0.00|0.00|0.00|0|55512312300010|
|C170|1|PROD005|INSUMO INDUSTRIAL E|2.85|UN|102.55|5102|00|96.96|12.00|11.64|0.00|0.00|0.00|0.00|0.00|0.00|
|C170|2|PROD005|INSUMO INDUSTRIAL E|29.80|UN|583.39|5102|70|0.00|12.00|0.00|0.00|0.00|0.00|0.00|0.00|0.00|
|C100|1|0|98765432000188|55|00|000000371|000|23012024|24012024|13334.75|530.60|63.67|0.00|0.00|0.00|0.00|0.00|0.00|0.00|0|99900011000155|
|C170|1|PROD004|PRODUTO ACABADO D|16.60|UN|10410.89|5403|60|0.00|12.00|0.00|0.00|0.00|0.00|0.00|0.00|0.00|
|C170|2|PROD007|PARTE SOBRESSALENTE G|12.23|UN|1603.75|5403|60|0.00|12.00|0.00|0.00|0.00|0.00|0.00|0.00|0.00|
|C170|3|PROD002|COMPONENTE ELETRICO B|10.48|UN|768.51|5403|40|0.00|12.00|0.00|0.00|0.00|0.00|0.00|0.00|0.00|
|C170|4|PROD005|INSUMO INDUSTRIAL E|26.48|UN|551.60|5403|20|530.60|12.00|63.67|0.00|0.00|0.00|0.00|0.00|0.00|
|C100|1|0|98765432000188|55|00|000000372|000|03012024|05012024|1650.88|0.00|0.00|0.00|0.00|0.00|0.00|0.00|0.00|0.00|0|77788899000177|
|C170|1|PROD001|PECA MECANICA TIPO A|19.59|UN|1650.88|5101|41|0.00|12.00|0.00|0.00|0.00|0.00|0.00|0.00|0.00|
|C100|1|0|98765432000188|55|00|000000373|000|09012024|10012024|63017.39|60271.01|7232.52|0.00|0.00|0.00|0.00|0.00|0.00|0.00|0|55512312300010|
|C170|1|PROD008|CONJUNTO MONTADO H|43.98|UN|51307.93|6102|10|49692.30|12.00|5963.08|0.00|0.00|0.00|0.00|0.00|0.00|
|C170|2|PROD006|EMBALAGEM PADRAO F|41.73|UN|272.11|6102|20|246.04|12.00|29.52|0.00|0.00|0.00|0.00|0.00|0.00|
|C170|3|PROD004|PRODUTO ACABADO D|18.47|UN|11437.35|6102|90|10332.67|12.00|1239.92|0.00|0.00|0.00|0.00|0.00|0.00|
|C100|1|0|98765432000188|55|00|000000374|000|18012024|19012024|73257.16|69789.86|8374.78|0.00|0.00|0.00|0.00|0.00|0.00|0.00|0|55512312300010|
|C170|1|PROD004|PRODUTO ACABADO D|31.51|UN|28481.18|5101|20|27840.32|12.00|3340.84|0.00|0.00|0.00|0.00|0.00|0.00|
|C170|2|PROD001|PECA MECANICA TIPO A|45.32|UN|2600.63|5101|00|2396.35|12.00|287.56|0.00|0.00|0.00|0.00|0.00|0.00|
|C170|3|PROD007|PARTE SOBRESSALENTE G|10.45|UN|1626.65|5101|70|0.00|12.00|0.00|0.00|0.00|0.00|0.00|0.00|0.00|
|C170|4|PROD008|CONJUNTO MONTADO H|37.36|UN|39679.94|5101|00|39553.19|12.00|4746.38|0.00|0.00|0.00|0.00|0.00|0.00|
|C170|5|PROD001|PECA MECANICA TIPO A|8.84|UN|868.76|5101|40|0.00|12.00|0.00|0.00|0.00|0.00|0.00|0.00|0.00|
|C100|1|0|98765432000188|55|00|000000375|000|20012024|20012024|811.19|730.81|87.69|0.00|0.00|0.00|0.00|0.00|0.00|0.00|0|33366699000100|
|C170|1|PROD004|PRODUTO ACABADO D|1.01|UN|535.09|6101|00|457.04|12.00|54.84|0.00|0.00|0.00|0.00|0.00|0.00|
|C170|2|PROD006|EMBALAGEM PADRAO F|33.10|UN|276.10|6101|51|273.77|12.00|32.85|0.00|0.00|0.00|0.00|0.00|0.00|
|C100|1|0|98765432000188|55|00|000000376|000|17012024|19012024|8464.30|0.00|0.00|0.00|0.00|0.00|0.00|0.00|0.00|0.00|0|55512312300010|
|C170|1|PROD002|COMPONENTE ELETRICO B|35.28|UN|2165.03|5401|41|0.00|12.00|0.00|0.00|0.00|0.00|0.00|0.00|0.00|
|C170|2|PROD008|CONJUNTO MONTADO H|7.44|UN|6299.27|5401|50|0.00|12.00|0.00|0.00|0.00|0.00|0.00|0.00|0.00|
|C100|1|0|98765432000188|55|00|000000377|000|30012024|02022024|18220.05|16024.39|1922.93|0.00|0.00|0.00|0.00|0.00|0.00|0.00|0|99900011000155|
|C170|1|PROD004|PRODUTO ACABADO D|22.83|UN|18220.05|5401|00|16024.39|12.00|1922.93|0.00|0.00|0.00|0.00|0.00|0.00|
|C100|1|0|98765432000188|55|00|000000378|000|17012024|17012024|11104.61|9720.92|1166.51|0.00|0.00|0.00|0.00|0.00|0.00|0.00|0|99900011000155|
|C170|1|PROD008|CONJUNTO MONTADO H|14.87|UN|11104.61|5403|10|9720.92|12.00|1166.51|0.00|0.00|0.00|0.00|0.00|0.00|
|C100|1|0|98765432000188|55|00|000000379|000|04012024|05012024|22245.63|0.00|0.00|0.00|0.00|0.00|0.00|0.00|0.00|0.00|0|33366699000100|
|C170|1|PROD004|PRODUTO ACABADO D|31.64|UN|22245.63|5101|40|0.00|12.00|0.00|0.00|0.00|0.00|0.00|0.00|0.00|
|C100|1|0|98765432000188|55|00|000000380|000|23012024|26012024|28188.04|5206.72|624.81|0.00|0.00|0.00|0.00|0.00|0.00|0.00|0|99900011000155|
|C170|1|PROD006|EMBALAGEM PADRAO F|29.80|UN|269.07|5401|00|242.24|12.00|29.07|0.00|0.00|0.00|0.00|0.00|0.00|
|C170|2|PROD003|MATERIAL BRUTO C|15.54|UN|5039.12|5401|20|4964.48|12.00|595.74|0.00|0.00|0.00|0.00|0.00|0.00|
|C170|3|PROD008|CONJUNTO MONTADO H|20.15|UN|22879.85|5401|40|0.00|12.00|0.00|0.00|0.00|0.00|0.00|0.00|0.00|
|C100|1|0|98765432000188|55|00|000000381|000|15012024|16012024|93668.19|13330.07|1599.61|0.00|0.00|0.00|0.00|0.00|0.00|0.00|0|77788899000177|
|C170|1|PROD008|CONJUNTO MONTADO H|34.80|UN|25318.74|6101|41|0.00|12.00|0.00|0.00|0.00|0.00|0.00|0.00|0.00|
|C170|2|PROD001|PECA MECANICA TIPO A|46.02|UN|4399.43|6101|00|4176.46|12.00|501.18|0.00|0.00|0.00|0.00|0.00|0.00|
|C170|3|PROD008|CONJUNTO MONTADO H|45.75|UN|53867.95|6101|40|0.00|12.00|0.00|0.00|0.00|0.00|0.00|0.00|0.00|
|C170|4|PROD003|MATERIAL BRUTO C|45.43|UN|10082.07|6101|20|9153.61|12.00|1098.43|0.00|0.00|0.00|0.00|0.00|0.00|
|C100|1|0|98765432000188|55|00|000000382|000|30012024|01022024|48469.09|47357.01|5682.84|0.00|0.00|0.00|0.00|0.00|0.00|0.00|0|77788899000177|
|C170|1|PROD007|PARTE SOBRESSALENTE G|6.22|UN|888.35|6101|60|0.00|12.00|0.00|0.00|0.00|0.00|0.00|0.00|0.00|
|C170|2|PROD008|CONJUNTO MONTADO H|36.03|UN|47580.74|6101|20|47357.01|12.00|5682.84|0.00|0.00|0.00|0.00|0.00|0.00|
|C100|1|0|98765432000188|55|00|000000383|000|18012024|21012024|10802.59|6423.15|770.78|0.00|0.00|0.00|0.00|0.00|0.00|0.00|0|22244466000133|
|C170|1|PROD006|EMBALAGEM PADRAO F|16.42|UN|113.29|6101|00|109.07|12.00|13.09|0.00|0.00|0.00|0.00|0.00|0.00|
|C170|2|PROD007|PARTE SOBRESSALENTE G|3.67|UN|483.81|6101|70|0.00|12.00|0.00|0.00|0.00|0.00|0.00|0.00|0.00|
|C170|3|PROD006|EMBALAGEM PADRAO F|23.43|UN|141.98|6101|20|140.91|12.00|16.91|0.00|0.00|0.00|0.00|0.00|0.00|
|C170|4|PROD007|PARTE SOBRESSALENTE G|25.70|UN|3340.22|6101|40|0.00|12.00|0.00|0.00|0.00|0.00|0.00|0.00|0.00|
|C170|5|PROD003|MATERIAL BRUTO C|23.05|UN|6723.29|6101|10|6173.17|12.00|740.78|0.00|0.00|0.00|0.00|0.00|0.00|
|C100|1|0|98765432000188|55|00|000000384|000|03012024|04012024|29068.31|22073.69|2648.84|0.00|0.00|0.00|0.00|0.00|0.00|0.00|0|55512312300010|
|C170|1|PROD002|COMPONENTE ELETRICO B|30.28|UN|2571.41|5401|60|0.00|12.00|0.00|0.00|0.00|0.00|0.00|0.00|0.00|
|C170|2|PROD007|PARTE SOBRESSALENTE G|13.68|UN|1364.08|5401|70|0.00|12.00|0.00|0.00|0.00|0.00|0.00|0.00|0.00|
|C170|3|PROD004|PRODUTO ACABADO D|27.78|UN|17497.73|5401|00|14976.16|12.00|1797.14|0.00|0.00|0.00|0.00|0.00|0.00|
|C170|4|PROD003|MATERIAL BRUTO C|31.79|UN|7315.00|5401|10|7097.53|12.00|851.70|0.00|0.00|0.00|0.00|0.00|0.00|
|C170|5|PROD006|EMBALAGEM PADRAO F|42.06|UN|320.09|5401|41|0.00|12.00|0.00|0.00|0.00|0.00|0.00|0.00|0.00|
|C100|1|0|98765432000188|55|00|000000385|000|14012024|15012024|6570.42|99.17|11.90|0.00|0.00|0.00|0.00|0.00|0.00|0.00|0|77788899000177|
|C170|1|PROD006|EMBALAGEM PADRAO F|8.79|UN|102.61|5101|90|99.17|12.00|11.90|0.00|0.00|0.00|0.00|0.00|0.00|
|C170|2|PROD008|CONJUNTO MONTADO H|6.77|UN|6467.81|5101|60|0.00|12.00|0.00|0.00|0.00|0.00|0.00|0.00|0.00|
|C100|1|0|98765432000188|55|00|000000386|000|03012024|04012024|3219.72|0.00|0.00|0.00|0.00|0.00|0.00|0.00|0.00|0.00|0|77788899000177|
|C170|1|PROD001|PECA MECANICA TIPO A|39.24|UN|3219.72|5102|30|0.00|12.00|0.00|0.00|0.00|0.00|0.00|0.00|0.00|
|C100|1|0|98765432000188|55|00|000000387|000|12012024|12012024|13848.76|12498.14|1499.77|0.00|0.00|0.00|0.00|0.00|0.00|0.00|0|99900011000155|
|C170|1|PROD002|COMPONENTE ELETRICO B|17.68|UN|908.10|5401|00|850.94|12.00|102.11|0.00|0.00|0.00|0.00|0.00|0.00|
|C170|2|PROD003|MATERIAL BRUTO C|39.44|UN|12940.66|5401|51|11647.20|12.00|1397.66|0.00|0.00|0.00|0.00|0.00|0.00|
|C100|1|0|98765432000188|55|00|000000388|000|26012024|27012024|79686.94|70634.39|8476.13|0.00|0.00|0.00|0.00|0.00|0.00|0.00|0|22244466000133|
|C170|1|PROD001|PECA MECANICA TIPO A|41.24|UN|4877.92|5403|50|0.00|12.00|0.00|0.00|0.00|0.00|0.00|0.00|0.00|
|C170|2|PROD008|CONJUNTO MONTADO H|20.88|UN|24174.94|5403|00|22418.33|12.00|2690.20|0.00|0.00|0.00|0.00|0.00|0.00|
|C170|3|PROD001|PECA MECANICA TIPO A|22.25|UN|2570.54|5403|00|2528.14|12.00|303.38|0.00|0.00|0.00|0.00|0.00|0.00|
|C170|4|PROD008|CONJUNTO MONTADO H|30.50|UN|39693.39|5403|51|38518.67|12.00|4622.24|0.00|0.00|0.00|0.00|0.00|0.00|
|C170|5|PROD003|MATERIAL BRUTO C|41.00|UN|8370.15|5403|20|7169.25|12.00|860.31|0.00|0.00|0.00|0.00|0.00|0.00|
|C100|1|0|98765432000188|55|00|000000389|000|01012024|04012024|16652.04|16071.86|1928.62|0.00|0.00|0.00|0.00|0.00|0.00|0.00|0|55512312300010|
|C170|1|PROD001|PECA MECANICA TIPO A|2.54|UN|135.94|5401|00|127.61|12.00|15.31|0.00|0.00|0.00|0.00|0.00|0.00|
|C170|2|PROD003|MATERIAL BRUTO C|36.75|UN|10990.52|5401|90|10812.04|12.00|1297.44|0.00|0.00|0.00|0.00|0.00|0.00|
|C170|3|PROD002|COMPONENTE ELETRICO B|14.90|UN|764.62|5401|20|725.66|12.00|87.08|0.00|0.00|0.00|0.00|0.00|0.00|
|C170|4|PROD007|PARTE SOBRESSALENTE G|32.21|UN|4760.96|5401|10|4406.55|12.00|528.79|0.00|0.00|0.00|0.00|0.00|0.00|
|C100|1|0|98765432000188|55|00|000000390|000|14012024|15012024|52953.05|47714.00|5725.68|0.00|0.00|0.00|0.00|0.00|0.00|0.00|0|22244466000133|
|C170|1|PROD008|CONJUNTO MONTADO H|41.79|UN|50872.64|5101|00|46100.71|12.00|5532.09|0.00|0.00|0.00|0.00|0.00|0.00|
|C170|2|PROD006|EMBALAGEM PADRAO F|25.58|UN|204.62|5101|30|0.00|12.00|0.00|0.00|0.00|0.00|0.00|0.00|0.00|
|C170|3|PROD007|PARTE SOBRESSALENTE G|15.23|UN|1875.79|5101|20|1613.29|12.00|193.59|0.00|0.00|0.00|0.00|0.00|0.00|
|C100|1|0|98765432000188|55|00|000000391|000|16012024|18012024|10627.33|0.00|0.00|0.00|0.00|0.00|0.00|0.00|0.00|0.00|0|77788899000177|
|C170|1|PROD003|MATERIAL BRUTO C|36.56|UN|10627.33|5102|30|0.00|12.00|0.00|0.00|0.00|0.00|0.00|0.00|0.00|
|C100|1|0|98765432000188|55|00|000000392|000|14012024|15012024|2525.38|242.70|29.12|0.00|0.00|0.00|0.00|0.00|0.00|0.00|0|77788899000177|
|C170|1|PROD006|EMBALAGEM PADRAO F|7.68|UN|76.81|6102|40|0.00|12.00|0.00|0.00|0.00|0.00|0.00|0.00|0.00|
|C170|2|PROD002|COMPONENTE ELETRICO B|29.68|UN|2197.80|6102|60|0.00|12.00|0.00|0.00|0.00|0.00|0.00|0.00|0.00|
|C170|3|PROD006|EMBALAGEM PADRAO F|41.04|UN|250.77|6102|10|242.70|12.00|29.12|0.00|0.00|0.00|0.00|0.00|0.00|
|C100|1|0|98765432000188|55|00|000000393|000|15012024|15012024|2895.27|2645.16|317.42|0.00|0.00|0.00|0.00|0.00|0.00|0.00|0|55512312300010|
|C170|1|PROD006|EMBALAGEM PADRAO F|36.20|UN|421.37|5102|00|407.50|12.00|48.90|0.00|0.00|0.00|0.00|0.00|0.00|
|C170|2|PROD001|PECA MECANICA TIPO A|21.58|UN|2473.90|5102|20|2237.66|12.00|268.52|0.00|0.00|0.00|0.00|0.00|0.00|
|C100|1|0|98765432000188|55|00|000000394|000|04012024|07012024|39027.60|6337.01|760.44|0.00|0.00|0.00|0.00|0.00|0.00|0.00|0|33366699000100|
|C170|1|PROD004|PRODUTO ACABADO D|12.30|UN|6650.63|6102|00|6337.01|12.00|760.44|0.00|0.00|0.00|0.00|0.00|0.00|
|C170|2|PROD003|MATERIAL BRUTO C|37.19|UN|9505.65|6102|40|0.00|12.00|0.00|0.00|0.00|0.00|0.00|0.00|0.00|
|C170|3|PROD004|PRODUTO ACABADO D|25.09|UN|22018.48|6102|40|0.00|12.00|0.00|0.00|0.00|0.00|0.00|0.00|0.00|
|C170|4|PROD005|INSUMO INDUSTRIAL E|23.06|UN|852.84|6102|70|0.00|12.00|0.00|0.00|0.00|0.00|0.00|0.00|0.00|
|C100|1|0|98765432000188|55|00|000000395|000|24012024|27012024|30287.58|104.44|12.53|0.00|0.00|0.00|0.00|0.00|0.00|0.00|0|22244466000133|
|C170|1|PROD007|PARTE SOBRESSALENTE G|7.16|UN|859.27|5403|40|0.00|12.00|0.00|0.00|0.00|0.00|0.00|0.00|0.00|
|C170|2|PROD004|PRODUTO ACABADO D|17.76|UN|14341.64|5403|40|0.00|12.00|0.00|0.00|0.00|0.00|0.00|0.00|0.00|
|C170|3|PROD004|PRODUTO ACABADO D|16.23|UN|14975.97|5403|60|0.00|12.00|0.00|0.00|0.00|0.00|0.00|0.00|0.00|
|C170|4|PROD005|INSUMO INDUSTRIAL E|4.46|UN|110.70|5403|00|104.44|12.00|12.53|0.00|0.00|0.00|0.00|0.00|0.00|
|C100|1|0|98765432000188|55|00|000000396|000|16012024|17012024|62911.52|31380.05|3765.61|0.00|0.00|0.00|0.00|0.00|0.00|0.00|0|99900011000155|
|C170|1|PROD005|INSUMO INDUSTRIAL E|9.16|UN|244.13|6101|40|0.00|12.00|0.00|0.00|0.00|0.00|0.00|0.00|0.00|
|C170|2|PROD008|CONJUNTO MONTADO H|28.15|UN|33344.06|6101|20|31380.05|12.00|3765.61|0.00|0.00|0.00|0.00|0.00|0.00|
|C170|3|PROD004|PRODUTO ACABADO D|30.15|UN|22835.76|6101|41|0.00|12.00|0.00|0.00|0.00|0.00|0.00|0.00|0.00|
|C170|4|PROD003|MATERIAL BRUTO C|12.38|UN|3452.04|6101|41|0.00|12.00|0.00|0.00|0.00|0.00|0.00|0.00|0.00|
|C170|5|PROD003|MATERIAL BRUTO C|14.51|UN|3035.53|6101|50|0.00|12.00|0.00|0.00|0.00|0.00|0.00|0.00|0.00|
|C100|1|0|98765432000188|55|00|000000397|000|10012024|13012024|1817.00|613.93|73.67|0.00|0.00|0.00|0.00|0.00|0.00|0.00|0|77788899000177|
|C170|1|PROD005|INSUMO INDUSTRIAL E|40.20|UN|698.36|5403|00|613.93|12.00|73.67|0.00|0.00|0.00|0.00|0.00|0.00|
|C170|2|PROD002|COMPONENTE ELETRICO B|27.66|UN|1118.64|5403|40|0.00|12.00|0.00|0.00|0.00|0.00|0.00|0.00|0.00|
|C100|1|0|98765432000188|55|00|000000398|000|08012024|08012024|42494.64|0.00|0.00|0.00|0.00|0.00|0.00|0.00|0.00|0.00|0|77788899000177|
|C170|1|PROD008|CONJUNTO MONTADO H|40.25|UN|42494.64|5101|40|0.00|12.00|0.00|0.00|0.00|0.00|0.00|0.00|0.00|
|C100|1|0|98765432000188|55|00|000000399|000|12012024|14012024|23499.90|12649.49|1517.94|0.00|0.00|0.00|0.00|0.00|0.00|0.00|0|22244466000133|
|C170|1|PROD003|MATERIAL BRUTO C|8.52|UN|2206.09|6101|10|1966.67|12.00|236.00|0.00|0.00|0.00|0.00|0.00|0.00|
|C170|2|PROD005|INSUMO INDUSTRIAL E|21.19|UN|579.57|6101|00|532.17|12.00|63.86|0.00|0.00|0.00|0.00|0.00|0.00|
|C170|3|PROD003|MATERIAL BRUTO C|47.73|UN|11057.84|6101|00|10150.65|12.00|1218.08|0.00|0.00|0.00|0.00|0.00|0.00|
|C170|4|PROD002|COMPONENTE ELETRICO B|29.02|UN|1742.48|6101|40|0.00|12.00|0.00|0.00|0.00|0.00|0.00|0.00|0.00|
|C170|5|PROD003|MATERIAL BRUTO C|23.36|UN|7913.92|6101|40|0.00|12.00|0.00|0.00|0.00|0.00|0.00|0.00|0.00|
|C100|1|0|98765432000188|55|00|000000400|000|12012024|15012024|69007.58|35293.20|4235.19|0.00|0.00|0.00|0.00|0.00|0.00|0.00|0|33366699000100|
|C170|1|PROD004|PRODUTO ACABADO D|35.89|UN|27853.51|5403|40|0.00|12.00|0.00|0.00|0.00|0.00|0.00|0.00|0.00|
|C170|2|PROD008|CONJUNTO MONTADO H|37.48|UN|37713.52|5403|00|34681.21|12.00|4161.75|0.00|0.00|0.00|0.00|0.00|0.00|
|C170|3|PROD006|EMBALAGEM PADRAO F|27.16|UN|162.69|5403|70|0.00|12.00|0.00|0.00|0.00|0.00|0.00|0.00|0.00|
|C170|4|PROD002|COMPONENTE ELETRICO B|19.97|UN|649.53|5403|00|611.99|12.00|73.44|0.00|0.00|0.00|0.00|0.00|0.00|
|C170|5|PROD007|PARTE SOBRESSALENTE G|29.57|UN|2628.33|5403|50|0.00|12.00|0.00|0.00|0.00|0.00|0.00|0.00|0.00|
|C100|1|0|98765432000188|55|00|000000401|000|05012024|07012024|21794.38|8636.42|1036.37|0.00|0.00|0.00|0.00|0.00|0.00|0.00|0|22244466000133|
|C170|1|PROD003|MATERIAL BRUTO C|40.28|UN|12189.94|5403|30|0.00|12.00|0.00|0.00|0.00|0.00|0.00|0.00|0.00|
|C170|2|PROD004|PRODUTO ACABADO D|7.73|UN|5815.24|5403|10|5044.94|12.00|605.39|0.00|0.00|0.00|0.00|0.00|0.00|
|C170|3|PROD006|EMBALAGEM PADRAO F|48.34|UN|396.38|5403|20|370.49|12.00|44.46|0.00|0.00|0.00|0.00|0.00|0.00|
|C170|4|PROD002|COMPONENTE ELETRICO B|42.08|UN|3314.12|5403|00|3220.99|12.00|386.52|0.00|0.00|0.00|0.00|0.00|0.00|
|C170|5|PROD002|COMPONENTE ELETRICO B|1.19|UN|78.70|5403|70|0.00|12.00|0.00|0.00|0.00|0.00|0.00|0.00|0.00|
|C100|1|0|98765432000188|55|00|000000402|000|27012024|27012024|358.38|0.00|0.00|0.00|0.00|0.00|0.00|0.00|0.00|0.00|0|22244466000133|
|C170|1|PROD006|EMBALAGEM PADRAO F|49.84|UN|358.38|6101|40|0.00|12.00|0.00|0.00|0.00|0.00|0.00|0.00|0.00|
|C100|1|0|98765432000188|55|00|000000403|000|27012024|27012024|82378.67|3874.53|464.94|0.00|0.00|0.00|0.00|0.00|0.00|0.00|0|77788899000177|
|C170|1|PROD008|CONJUNTO MONTADO H|40.28|UN|46156.39|5102|40|0.00|12.00|0.00|0.00|0.00|0.00|0.00|0.00|0.00|
|C170|2|PROD004|PRODUTO ACABADO D|32.06|UN|29867.04|5102|40|0.00|12.00|0.00|0.00|0.00|0.00|0.00|0.00|0.00|
|C170|3|PROD001|PECA MECANICA TIPO A|19.75|UN|2130.06|5102|50|0.00|12.00|0.00|0.00|0.00|0.00|0.00|0.00|0.00|
|C170|4|PROD002|COMPONENTE ELETRICO B|36.43|UN|1928.76|5102|00|1649.76|12.00|197.97|0.00|0.00|0.00|0.00|0.00|0.00|
|C170|5|PROD007|PARTE SOBRESSALENTE G|20.14|UN|2296.42|5102|00|2224.77|12.00|266.97|0.00|0.00|0.00|0.00|0.00|0.00|
|C100|1|0|98765432000188|55|00|000000404|000|07012024|09012024|6247.44|5654.88|678.58|0.00|0.00|0.00|0.00|0.00|0.00|0.00|0|99900011000155|
|C170|1|PROD002|COMPONENTE ELETRICO B|27.39|UN|2258.99|5101|00|1938.32|12.00|232.60|0.00|0.00|0.00|0.00|0.00|0.00|
|C170|2|PROD002|COMPONENTE ELETRICO B|25.23|UN|1191.91|5101|51|1148.41|12.00|137.81|0.00|0.00|0.00|0.00|0.00|0.00|
|C170|3|PROD002|COMPONENTE ELETRICO B|42.07|UN|1414.01|5101|00|1235.77|12.00|148.29|0.00|0.00|0.00|0.00|0.00|0.00|
|C170|4|PROD002|COMPONENTE ELETRICO B|7.92|UN|360.73|5101|00|347.37|12.00|41.68|0.00|0.00|0.00|0.00|0.00|0.00|
|C170|5|PROD002|COMPONENTE ELETRICO B|17.98|UN|1021.80|5101|10|985.01|12.00|118.20|0.00|0.00|0.00|0.00|0.00|0.00|
|C100|1|0|98765432000188|55|00|000000405|000|07012024|08012024|23232.49|4060.14|487.21|0.00|0.00|0.00|0.00|0.00|0.00|0.00|0|99900011000155|
|C170|1|PROD001|PECA MECANICA TIPO A|2.20|UN|150.67|5102|00|149.04|12.00|17.88|0.00|0.00|0.00|0.00|0.00|0.00|
|C170|2|PROD005|INSUMO INDUSTRIAL E|10.91|UN|170.71|5102|40|0.00|12.00|0.00|0.00|0.00|0.00|0.00|0.00|0.00|
|C170|3|PROD008|CONJUNTO MONTADO H|23.93|UN|18366.04|5102|40|0.00|12.00|0.00|0.00|0.00|0.00|0.00|0.00|0.00|
|C170|4|PROD005|INSUMO INDUSTRIAL E|12.54|UN|299.45|5102|40|0.00|12.00|0.00|0.00|0.00|0.00|0.00|0.00|0.00|
|C170|5|PROD007|PARTE SOBRESSALENTE G|47.00|UN|4245.62|5102|51|3911.10|12.00|469.33|0.00|0.00|0.00|0.00|0.00|0.00|
|C100|1|0|98765432000188|55|00|000000406|000|16012024|19012024|53436.59|50178.11|6021.37|0.00|0.00|0.00|0.00|0.00|0.00|0.00|0|77788899000177|
|C170|1|PROD003|MATERIAL BRUTO C|22.75|UN|6172.85|5401|00|5543.67|12.00|665.24|0.00|0.00|0.00|0.00|0.00|0.00|
|C170|2|PROD004|PRODUTO ACABADO D|28.31|UN|15606.97|5401|20|13493.76|12.00|1619.25|0.00|0.00|0.00|0.00|0.00|0.00|
|C170|3|PROD004|PRODUTO ACABADO D|45.55|UN|31656.77|5401|00|31140.68|12.00|3736.88|0.00|0.00|0.00|0.00|0.00|0.00|
|C100|1|0|98765432000188|55|00|000000407|000|19012024|20012024|2992.06|1205.79|144.69|0.00|0.00|0.00|0.00|0.00|0.00|0.00|0|77788899000177|
|C170|1|PROD005|INSUMO INDUSTRIAL E|35.68|UN|1337.00|6101|90|1205.79|12.00|144.69|0.00|0.00|0.00|0.00|0.00|0.00|
|C170|2|PROD002|COMPONENTE ELETRICO B|46.75|UN|1655.06|6101|60|0.00|12.00|0.00|0.00|0.00|0.00|0.00|0.00|0.00|
|C100|1|0|98765432000188|55|00|000000408|000|21012024|22012024|21987.09|0.00|0.00|0.00|0.00|0.00|0.00|0.00|0.00|0.00|0|77788899000177|
|C170|1|PROD004|PRODUTO ACABADO D|24.16|UN|21987.09|6101|30|0.00|12.00|0.00|0.00|0.00|0.00|0.00|0.00|0.00|
|C100|1|0|98765432000188|55|00|000000409|000|21012024|23012024|24775.46|0.00|0.00|0.00|0.00|0.00|0.00|0.00|0.00|0.00|0|99900011000155|
|C170|1|PROD008|CONJUNTO MONTADO H|24.18|UN|20572.97|6101|60|0.00|12.00|0.00|0.00|0.00|0.00|0.00|0.00|0.00|
|C170|2|PROD007|PARTE SOBRESSALENTE G|28.68|UN|4202.49|6101|40|0.00|12.00|0.00|0.00|0.00|0.00|0.00|0.00|0.00|
|C100|1|0|98765432000188|55|00|000000410|000|28012024|28012024|46196.79|26527.75|3183.33|0.00|0.00|0.00|0.00|0.00|0.00|0.00|0|99900011000155|
|C170|1|PROD008|CONJUNTO MONTADO H|17.98|UN|15641.37|5102|40|0.00|12.00|0.00|0.00|0.00|0.00|0.00|0.00|0.00|
|C170|2|PROD006|EMBALAGEM PADRAO F|18.77|UN|154.47|5102|60|0.00|12.00|0.00|0.00|0.00|0.00|0.00|0.00|0.00|
|C170|3|PROD001|PECA MECANICA TIPO A|47.50|UN|5041.44|5102|00|4844.37|12.00|581.32|0.00|0.00|0.00|0.00|0.00|0.00|
|C170|4|PROD008|CONJUNTO MONTADO H|21.65|UN|25359.51|5102|90|21683.38|12.00|2602.01|0.00|0.00|0.00|0.00|0.00|0.00|
|C100|1|0|98765432000188|55|00|000000411|000|28012024|30012024|3917.21|3477.22|417.27|0.00|0.00|0.00|0.00|0.00|0.00|0.00|0|22244466000133|
|C170|1|PROD001|PECA MECANICA TIPO A|36.14|UN|3917.21|6101|00|3477.22|12.00|417.27|0.00|0.00|0.00|0.00|0.00|0.00|
|C100|1|0|98765432000188|55|00|000000412|000|13012024|15012024|8814.23|5572.25|668.67|0.00|0.00|0.00|0.00|0.00|0.00|0.00|0|77788899000177|
|C170|1|PROD002|COMPONENTE ELETRICO B|40.61|UN|2152.74|5401|00|1877.41|12.00|225.29|0.00|0.00|0.00|0.00|0.00|0.00|
|C170|2|PROD002|COMPONENTE ELETRICO B|34.81|UN|2921.69|5401|40|0.00|12.00|0.00|0.00|0.00|0.00|0.00|0.00|0.00|
|C170|3|PROD007|PARTE SOBRESSALENTE G|31.95|UN|3739.80|5401|00|3694.84|12.00|443.38|0.00|0.00|0.00|0.00|0.00|0.00|
|C100|1|0|98765432000188|55|00|000000413|000|13012024|14012024|32953.56|2868.07|344.17|0.00|0.00|0.00|0.00|0.00|0.00|0.00|0|22244466000133|
|C170|1|PROD004|PRODUTO ACABADO D|31.73|UN|29612.60|5401|60|0.00|12.00|0.00|0.00|0.00|0.00|0.00|0.00|0.00|
|C170|2|PROD001|PECA MECANICA TIPO A|46.16|UN|3340.96|5401|20|2868.07|12.00|344.17|0.00|0.00|0.00|0.00|0.00|0.00|
|C100|1|0|98765432000188|55|00|000000414|000|07012024|09012024|3367.86|0.00|0.00|0.00|0.00|0.00|0.00|0.00|0.00|0.00|0|77788899000177|
|C170|1|PROD001|PECA MECANICA TIPO A|29.81|UN|3367.86|5102|40|0.00|12.00|0.00|0.00|0.00|0.00|0.00|0.00|0.00|
|C100|1|0|98765432000188|55|00|000000415|000|21012024|22012024|74563.10|15657.25|1878.87|0.00|0.00|0.00|0.00|0.00|0.00|0.00|0|77788899000177|
|C170|1|PROD006|EMBALAGEM PADRAO F|14.90|UN|113.10|5401|20|104.27|12.00|12.51|0.00|0.00|0.00|0.00|0.00|0.00|
|C170|2|PROD004|PRODUTO ACABADO D|28.08|UN|18208.26|5401|20|15552.98|12.00|1866.36|0.00|0.00|0.00|0.00|0.00|0.00|
|C170|3|PROD008|CONJUNTO MONTADO H|15.18|UN|19156.92|5401|40|0.00|12.00|0.00|0.00|0.00|0.00|0.00|0.00|0.00|
|C170|4|PROD008|CONJUNTO MONTADO H|11.79|UN|14128.21|5401|50|0.00|12.00|0.00|0.00|0.00|0.00|0.00|0.00|0.00|
|C170|5|PROD008|CONJUNTO MONTADO H|18.33|UN|22956.61|5401|41|0.00|12.00|0.00|0.00|0.00|0.00|0.00|0.00|0.00|
|C100|1|0|98765432000188|55|00|000000416|000|28012024|30012024|36119.67|2106.52|252.79|0.00|0.00|0.00|0.00|0.00|0.00|0.00|0|22244466000133|
|C170|1|PROD003|MATERIAL BRUTO C|6.93|UN|1711.69|5101|00|1704.72|12.00|204.57|0.00|0.00|0.00|0.00|0.00|0.00|
|C170|2|PROD004|PRODUTO ACABADO D|38.06|UN|33966.14|5101|30|0.00|12.00|0.00|0.00|0.00|0.00|0.00|0.00|0.00|
|C170|3|PROD002|COMPONENTE ELETRICO B|6.30|UN|441.84|5101|90|401.80|12.00|48.22|0.00|0.00|0.00|0.00|0.00|0.00|
|C100|1|0|98765432000188|55|00|000000417|000|12012024|14012024|39639.48|15994.51|1919.34|0.00|0.00|0.00|0.00|0.00|0.00|0.00|0|22244466000133|
|C170|1|PROD003|MATERIAL BRUTO C|46.16|UN|15589.65|6101|00|13763.15|12.00|1651.58|0.00|0.00|0.00|0.00|0.00|0.00|
|C170|2|PROD004|PRODUTO ACABADO D|37.45|UN|21485.49|6101|40|0.00|12.00|0.00|0.00|0.00|0.00|0.00|0.00|0.00|
|C170|3|PROD001|PECA MECANICA TIPO A|20.36|UN|1405.86|6101|00|1224.43|12.00|146.93|0.00|0.00|0.00|0.00|0.00|0.00|
|C170|4|PROD008|CONJUNTO MONTADO H|1.43|UN|1158.48|6101|90|1006.93|12.00|120.83|0.00|0.00|0.00|0.00|0.00|0.00|
|C100|1|0|98765432000188|55|00|000000418|000|24012024|26012024|29864.60|24501.38|2940.17|0.00|0.00|0.00|0.00|0.00|0.00|0.00|0|55512312300010|
|C170|1|PROD004|PRODUTO ACABADO D|36.30|UN|26043.82|5401|00|24030.66|12.00|2883.68|0.00|0.00|0.00|0.00|0.00|0.00|
|C170|2|PROD005|INSUMO INDUSTRIAL E|21.25|UN|475.30|5401|00|470.72|12.00|56.49|0.00|0.00|0.00|0.00|0.00|0.00|
|C170|3|PROD003|MATERIAL BRUTO C|16.04|UN|3345.48|5401|40|0.00|12.00|0.00|0.00|0.00|0.00|0.00|0.00|0.00|
|C100|1|0|98765432000188|55|00|000000419|000|02012024|02012024|8065.36|2133.02|255.96|0.00|0.00|0.00|0.00|0.00|0.00|0.00|0|22244466000133|
|C170|1|PROD002|COMPONENTE ELETRICO B|39.18|UN|1954.64|5102|41|0.00|12.00|0.00|0.00|0.00|0.00|0.00|0.00|0.00|
|C170|2|PROD005|INSUMO INDUSTRIAL E|16.26|UN|673.57|5102|00|587.98|12.00|70.56|0.00|0.00|0.00|0.00|0.00|0.00|
|C170|3|PROD002|COMPONENTE ELETRICO B|30.76|UN|1547.54|5102|00|1545.04|12.00|185.40|0.00|0.00|0.00|0.00|0.00|0.00|
|C170|4|PROD001|PECA MECANICA TIPO A|33.69|UN|3889.61|5102|40|0.00|12.00|0.00|0.00|0.00|0.00|0.00|0.00|0.00|
|C100|1|0|98765432000188|55|00|000000420|000|18012024|20012024|1837.95|158.92|19.07|0.00|0.00|0.00|0.00|0.00|0.00|0.00|0|77788899000177|
|C170|1|PROD007|PARTE SOBRESSALENTE G|10.71|UN|903.30|5101|30|0.00|12.00|0.00|0.00|0.00|0.00|0.00|0.00|0.00|
|C170|2|PROD006|EMBALAGEM PADRAO F|27.39|UN|177.74|5101|90|158.92|12.00|19.07|0.00|0.00|0.00|0.00|0.00|0.00|
|C170|3|PROD006|EMBALAGEM PADRAO F|25.44|UN|208.89|5101|40|0.00|12.00|0.00|0.00|0.00|0.00|0.00|0.00|0.00|
|C170|4|PROD007|PARTE SOBRESSALENTE G|3.46|UN|548.02|5101|30|0.00|12.00|0.00|0.00|0.00|0.00|0.00|0.00|0.00|
|C100|1|0|98765432000188|55|00|000000421|000|10012024|13012024|31169.59|19206.59|2304.79|0.00|0.00|0.00|0.00|0.00|0.00|0.00|0|33366699000100|
|C170|1|PROD004|PRODUTO ACABADO D|34.53|UN|17345.80|5403|90|16392.95|12.00|1967.15|0.00|0.00|0.00|0.00|0.00|0.00|
|C170|2|PROD003|MATERIAL BRUTO C|11.31|UN|2954.44|5403|00|2813.64|12.00|337.64|0.00|0.00|0.00|0.00|0.00|0.00|
|C170|3|PROD005|INSUMO INDUSTRIAL E|18.44|UN|639.60|5403|30|0.00|12.00|0.00|0.00|0.00|0.00|0.00|0.00|0.00|
|C170|4|PROD004|PRODUTO ACABADO D|17.43|UN|10229.75|5403|41|0.00|12.00|0.00|0.00|0.00|0.00|0.00|0.00|0.00|
|C100|1|0|98765432000188|55|00|000000422|000|06012024|09012024|34716.04|5259.25|631.11|0.00|0.00|0.00|0.00|0.00|0.00|0.00|0|22244466000133|
|C170|1|PROD004|PRODUTO ACABADO D|39.12|UN|25710.99|5102|40|0.00|12.00|0.00|0.00|0.00|0.00|0.00|0.00|0.00|
|C170|2|PROD007|PARTE SOBRESSALENTE G|8.78|UN|874.79|5102|70|0.00|12.00|0.00|0.00|0.00|0.00|0.00|0.00|0.00|
|C170|3|PROD002|COMPONENTE ELETRICO B|36.17|UN|2840.02|5102|60|0.00|12.00|0.00|0.00|0.00|0.00|0.00|0.00|0.00|
|C170|4|PROD007|PARTE SOBRESSALENTE G|41.18|UN|5290.24|5102|00|5259.25|12.00|631.11|0.00|0.00|0.00|0.00|0.00|0.00|
|C100|1|0|98765432000188|55|00|000000423|000|15012024|16012024|13672.28|9977.53|1197.30|0.00|0.00|0.00|0.00|0.00|0.00|0.00|0|33366699000100|
|C170|1|PROD003|MATERIAL BRUTO C|44.01|UN|11643.81|5102|10|9977.53|12.00|1197.30|0.00|0.00|0.00|0.00|0.00|0.00|
|C170|2|PROD003|MATERIAL BRUTO C|5.91|UN|2028.47|5102|40|0.00|12.00|0.00|0.00|0.00|0.00|0.00|0.00|0.00|
|C100|1|0|98765432000188|55|00|000000424|000|03012024|03012024|41435.75|574.10|68.89|0.00|0.00|0.00|0.00|0.00|0.00|0.00|0|22244466000133|
|C170|1|PROD004|PRODUTO ACABADO D|35.07|UN|33627.20|5403|70|0.00|12.00|0.00|0.00|0.00|0.00|0.00|0.00|0.00|
|C170|2|PROD005|INSUMO INDUSTRIAL E|31.19|UN|610.35|5403|90|574.10|12.00|68.89|0.00|0.00|0.00|0.00|0.00|0.00|
|C170|3|PROD005|INSUMO INDUSTRIAL E|49.26|UN|1922.28|5403|41|0.00|12.00|0.00|0.00|0.00|0.00|0.00|0.00|0.00|
|C170|4|PROD007|PARTE SOBRESSALENTE G|34.33|UN|4933.42|5403|40|0.00|12.00|0.00|0.00|0.00|0.00|0.00|0.00|0.00|
|C170|5|PROD006|EMBALAGEM PADRAO F|45.55|UN|342.50|5403|30|0.00|12.00|0.00|0.00|0.00|0.00|0.00|0.00|0.00|
|C100|1|0|98765432000188|55|00|000000425|000|20012024|22012024|511.17|0.00|0.00|0.00|0.00|0.00|0.00|0.00|0.00|0.00|0|22244466000133|
|C170|1|PROD002|COMPONENTE ELETRICO B|15.69|UN|511.17|5403|40|0.00|12.00|0.00|0.00|0.00|0.00|0.00|0.00|0.00|
|C100|1|0|98765432000188|55|00|000000426|000|08012024|09012024|25816.65|12459.56|1495.15|0.00|0.00|0.00|0.00|0.00|0.00|0.00|0|99900011000155|
|C170|1|PROD002|COMPONENTE ELETRICO B|21.62|UN|729.71|5101|00|711.38|12.00|85.37|0.00|0.00|0.00|0.00|0.00|0.00|
|C170|2|PROD001|PECA MECANICA TIPO A|46.00|UN|3890.93|5101|20|3873.10|12.00|464.77|0.00|0.00|0.00|0.00|0.00|0.00|
|C170|3|PROD004|PRODUTO ACABADO D|13.14|UN|12683.38|5101|40|0.00|12.00|0.00|0.00|0.00|0.00|0.00|0.00|0.00|
|C170|4|PROD006|EMBALAGEM PADRAO F|1.12|UN|11.64|5101|51|10.17|12.00|1.22|0.00|0.00|0.00|0.00|0.00|0.00|
|C170|5|PROD003|MATERIAL BRUTO C|40.19|UN|8500.99|5101|00|7864.91|12.00|943.79|0.00|0.00|0.00|0.00|0.00|0.00|
|C100|1|0|98765432000188|55|00|000000427|000|06012024|06012024|2387.65|2085.54|250.26|0.00|0.00|0.00|0.00|0.00|0.00|0.00|0|33366699000100|
|C170|1|PROD002|COMPONENTE ELETRICO B|8.44|UN|287.32|5101|00|279.29|12.00|33.51|0.00|0.00|0.00|0.00|0.00|0.00|
|C170|2|PROD001|PECA MECANICA TIPO A|20.35|UN|2100.33|5101|00|1806.25|12.00|216.75|0.00|0.00|0.00|0.00|0.00|0.00|
|C100|1|0|98765432000188|55|00|000000428|000|19012024|20012024|7164.99|6249.00|749.88|0.00|0.00|0.00|0.00|0.00|0.00|0.00|0|55512312300010|
|C170|1|PROD004|PRODUTO ACABADO D|6.99|UN|5488.36|5101|20|4819.30|12.00|578.32|0.00|0.00|0.00|0.00|0.00|0.00|
|C170|2|PROD002|COMPONENTE ELETRICO B|41.85|UN|1676.63|5101|10|1429.70|12.00|171.56|0.00|0.00|0.00|0.00|0.00|0.00|
|C100|1|0|98765432000188|55|00|000000429|000|04012024|07012024|2595.13|651.21|78.15|0.00|0.00|0.00|0.00|0.00|0.00|0.00|0|77788899000177|
|C170|1|PROD004|PRODUTO ACABADO D|1.38|UN|694.79|5403|00|651.21|12.00|78.15|0.00|0.00|0.00|0.00|0.00|0.00|
|C170|2|PROD005|INSUMO INDUSTRIAL E|49.89|UN|1756.52|5403|70|0.00|12.00|0.00|0.00|0.00|0.00|0.00|0.00|0.00|
|C170|3|PROD006|EMBALAGEM PADRAO F|19.43|UN|143.82|5403|70|0.00|12.00|0.00|0.00|0.00|0.00|0.00|0.00|0.00|
|C100|1|0|98765432000188|55|00|000000430|000|27012024|28012024|3191.37|2566.70|308.00|0.00|0.00|0.00|0.00|0.00|0.00|0.00|0|77788899000177|
|C170|1|PROD005|INSUMO INDUSTRIAL E|43.33|UN|1714.13|5401|20|1552.84|12.00|186.34|0.00|0.00|0.00|0.00|0.00|0.00|
|C170|2|PROD003|MATERIAL BRUTO C|4.56|UN|1107.68|5401|20|1013.86|12.00|121.66|0.00|0.00|0.00|0.00|0.00|0.00|
|C170|3|PROD002|COMPONENTE ELETRICO B|6.65|UN|369.56|5401|40|0.00|12.00|0.00|0.00|0.00|0.00|0.00|0.00|0.00|
|C100|1|0|98765432000188|55|00|000000431|000|15012024|15012024|75445.39|39233.61|4708.04|0.00|0.00|0.00|0.00|0.00|0.00|0.00|0|99900011000155|
|C170|1|PROD002|COMPONENTE ELETRICO B|3.61|UN|231.92|5102|40|0.00|12.00|0.00|0.00|0.00|0.00|0.00|0.00|0.00|
|C170|2|PROD008|CONJUNTO MONTADO H|36.91|UN|39259.50|5102|51|36581.90|12.00|4389.83|0.00|0.00|0.00|0.00|0.00|0.00|
|C170|3|PROD008|CONJUNTO MONTADO H|36.63|UN|32895.44|5102|40|0.00|12.00|0.00|0.00|0.00|0.00|0.00|0.00|0.00|
|C170|4|PROD007|PARTE SOBRESSALENTE G|32.43|UN|3058.53|5102|00|2651.71|12.00|318.21|0.00|0.00|0.00|0.00|0.00|0.00|
|C100|1|0|98765432000188|55|00|000000432|000|01012024|03012024|1226.67|163.91|19.67|0.00|0.00|0.00|0.00|0.00|0.00|0.00|0|55512312300010|
|C170|1|PROD002|COMPONENTE ELETRICO B|27.77|UN|1045.38|6101|40|0.00|12.00|0.00|0.00|0.00|0.00|0.00|0.00|0.00|
|C170|2|PROD006|EMBALAGEM PADRAO F|18.16|UN|181.29|6101|10|163.91|12.00|19.67|0.00|0.00|0.00|0.00|0.00|0.00|
|C100|1|0|98765432000188|55|00|000000433|000|29012024|30012024|24656.85|23590.99|2830.92|0.00|0.00|0.00|0.00|0.00|0.00|0.00|0|55512312300010|
|C170|1|PROD001|PECA MECANICA TIPO A|28.64|UN|2886.22|5101|00|2866.55|12.00|343.99|0.00|0.00|0.00|0.00|0.00|0.00|
|C170|2|PROD004|PRODUTO ACABADO D|37.51|UN|21770.63|5101|10|20724.44|12.00|2486.93|0.00|0.00|0.00|0.00|0.00|0.00|
|C100|1|0|98765432000188|55|00|000000434|000|24012024|24012024|48166.26|44632.37|5355.88|0.00|0.00|0.00|0.00|0.00|0.00|0.00|0|55512312300010|
|C170|1|PROD005|INSUMO INDUSTRIAL E|39.94|UN|1399.06|5403|20|1217.68|12.00|146.12|0.00|0.00|0.00|0.00|0.00|0.00|
|C170|2|PROD001|PECA MECANICA TIPO A|30.29|UN|1895.37|5403|00|1664.74|12.00|199.77|0.00|0.00|0.00|0.00|0.00|0.00|
|C170|3|PROD004|PRODUTO ACABADO D|20.45|UN|12744.87|5403|00|11678.93|12.00|1401.47|0.00|0.00|0.00|0.00|0.00|0.00|
|C170|4|PROD008|CONJUNTO MONTADO H|39.21|UN|32126.96|5403|00|30071.02|12.00|3608.52|0.00|0.00|0.00|0.00|0.00|0.00|
|C100|1|0|98765432000188|55|00|000000435|000|16012024|18012024|8644.15|8136.31|976.36|0.00|0.00|0.00|0.00|0.00|0.00|0.00|0|55512312300010|
|C170|1|PROD003|MATERIAL BRUTO C|34.01|UN|8644.15|5102|00|8136.31|12.00|976.36|0.00|0.00|0.00|0.00|0.00|0.00|
|C100|1|0|98765432000188|55|00|000000436|000|25012024|25012024|18262.89|16939.90|2032.79|0.00|0.00|0.00|0.00|0.00|0.00|0.00|0|33366699000100|
|C170|1|PROD001|PECA MECANICA TIPO A|26.85|UN|2286.00|5101|00|2042.96|12.00|245.16|0.00|0.00|0.00|0.00|0.00|0.00|
|C170|2|PROD003|MATERIAL BRUTO C|46.52|UN|12421.71|5101|00|11483.70|12.00|1378.04|0.00|0.00|0.00|0.00|0.00|0.00|
|C170|3|PROD003|MATERIAL BRUTO C|13.28|UN|3555.18|5101|20|3413.24|12.00|409.59|0.00|0.00|0.00|0.00|0.00|0.00|
|C100|1|0|98765432000188|55|00|000000437|000|21012024|22012024|30097.91|12505.69|1500.69|0.00|0.00|0.00|0.00|0.00|0.00|0.00|0|99900011000155|
|C170|1|PROD004|PRODUTO ACABADO D|25.99|UN|17009.27|5101|40|0.00|12.00|0.00|0.00|0.00|0.00|0.00|0.00|0.00|
|C170|2|PROD006|EMBALAGEM PADRAO F|1.38|UN|11.71|5101|00|10.25|12.00|1.23|0.00|0.00|0.00|0.00|0.00|0.00|
|C170|3|PROD007|PARTE SOBRESSALENTE G|32.42|UN|5140.35|5101|00|4928.38|12.00|591.41|0.00|0.00|0.00|0.00|0.00|0.00|
|C170|4|PROD003|MATERIAL BRUTO C|27.88|UN|7936.58|5101|00|7567.06|12.00|908.05|0.00|0.00|0.00|0.00|0.00|0.00|
|C100|1|0|98765432000188|55|00|000000438|000|05012024|05012024|940.99|860.14|103.22|0.00|0.00|0.00|0.00|0.00|0.00|0.00|0|77788899000177|
|C170|1|PROD001|PECA MECANICA TIPO A|8.72|UN|940.99|5401|00|860.14|12.00|103.22|0.00|0.00|0.00|0.00|0.00|0.00|
|C100|1|0|98765432000188|55|00|000000439|000|28012024|31012024|1650.65|1478.04|177.36|0.00|0.00|0.00|0.00|0.00|0.00|0.00|0|77788899000177|
|C170|1|PROD001|PECA MECANICA TIPO A|31.28|UN|1650.65|6101|00|1478.04|12.00|177.36|0.00|0.00|0.00|0.00|0.00|0.00|
|C100|1|0|98765432000188|55|00|000000440|000|11012024|11012024|27307.88|4013.07|481.56|0.00|0.00|0.00|0.00|0.00|0.00|0.00|0|22244466000133|
|C170|1|PROD006|EMBALAGEM PADRAO F|4.80|UN|27.00|5101|00|24.54|12.00|2.94|0.00|0.00|0.00|0.00|0.00|0.00|
|C170|2|PROD007|PARTE SOBRESSALENTE G|27.50|UN|4265.76|5101|51|3988.53|12.00|478.62|0.00|0.00|0.00|0.00|0.00|0.00|
|C170|3|PROD007|PARTE SOBRESSALENTE G|45.71|UN|5689.94|5101|70|0.00|12.00|0.00|0.00|0.00|0.00|0.00|0.00|0.00|
|C170|4|PROD004|PRODUTO ACABADO D|31.91|UN|17325.18|5101|60|0.00|12.00|0.00|0.00|0.00|0.00|0.00|0.00|0.00|
|C100|1|0|98765432000188|55|00|000000441|000|27012024|27012024|10653.29|5825.45|699.06|0.00|0.00|0.00|0.00|0.00|0.00|0.00|0|33366699000100|
|C170|1|PROD001|PECA MECANICA TIPO A|49.15|UN|4250.98|5403|40|0.00|12.00|0.00|0.00|0.00|0.00|0.00|0.00|0.00|
|C170|2|PROD006|EMBALAGEM PADRAO F|45.78|UN|260.96|5403|41|0.00|12.00|0.00|0.00|0.00|0.00|0.00|0.00|0.00|
|C170|3|PROD005|INSUMO INDUSTRIAL E|42.38|UN|1575.30|5403|10|1435.15|12.00|172.22|0.00|0.00|0.00|0.00|0.00|0.00|
|C170|4|PROD001|PECA MECANICA TIPO A|39.99|UN|3125.30|5403|20|3079.41|12.00|369.53|0.00|0.00|0.00|0.00|0.00|0.00|
|C170|5|PROD002|COMPONENTE ELETRICO B|29.64|UN|1440.75|5403|00|1310.89|12.00|157.31|0.00|0.00|0.00|0.00|0.00|0.00|
|C100|1|0|98765432000188|55|00|000000442|000|04012024|07012024|34253.21|21438.40|2572.61|0.00|0.00|0.00|0.00|0.00|0.00|0.00|0|55512312300010|
|C170|1|PROD002|COMPONENTE ELETRICO B|24.68|UN|2026.31|5101|41|0.00|12.00|0.00|0.00|0.00|0.00|0.00|0.00|0.00|
|C170|2|PROD001|PECA MECANICA TIPO A|2.97|UN|331.90|5101|40|0.00|12.00|0.00|0.00|0.00|0.00|0.00|0.00|0.00|
|C170|3|PROD004|PRODUTO ACABADO D|28.20|UN|17506.05|5101|90|17393.80|12.00|2087.26|0.00|0.00|0.00|0.00|0.00|0.00|
|C170|4|PROD003|MATERIAL BRUTO C|15.96|UN|4400.77|5101|00|4044.60|12.00|485.35|0.00|0.00|0.00|0.00|0.00|0.00|
|C170|5|PROD008|CONJUNTO MONTADO H|7.66|UN|9988.18|5101|40|0.00|12.00|0.00|0.00|0.00|0.00|0.00|0.00|0.00|
|C100|1|0|98765432000188|55|00|000000443|000|20012024|22012024|35301.77|32469.32|3896.32|0.00|0.00|0.00|0.00|0.00|0.00|0.00|0|55512312300010|
|C170|1|PROD006|EMBALAGEM PADRAO F|12.55|UN|125.00|6102|20|124.60|12.00|14.95|0.00|0.00|0.00|0.00|0.00|0.00|
|C170|2|PROD002|COMPONENTE ELETRICO B|47.91|UN|3069.53|6102|51|2696.66|12.00|323.60|0.00|0.00|0.00|0.00|0.00|0.00|
|C170|3|PROD003|MATERIAL BRUTO C|31.80|UN|7979.76|6102|20|7602.07|12.00|912.25|0.00|0.00|0.00|0.00|0.00|0.00|
|C170|4|PROD005|INSUMO INDUSTRIAL E|1.78|UN|60.31|6102|00|59.35|12.00|7.12|0.00|0.00|0.00|0.00|0.00|0.00|
|C170|5|PROD004|PRODUTO ACABADO D|31.01|UN|24067.17|6102|20|21986.64|12.00|2638.40|0.00|0.00|0.00|0.00|0.00|0.00|
|C100|1|0|98765432000188|55|00|000000444|000|26012024|28012024|10749.34|381.59|45.79|0.00|0.00|0.00|0.00|0.00|0.00|0.00|0|99900011000155|
|C170|1|PROD005|INSUMO INDUSTRIAL E|13.18|UN|395.91|5403|10|381.59|12.00|45.79|0.00|0.00|0.00|0.00|0.00|0.00|
|C170|2|PROD003|MATERIAL BRUTO C|40.01|UN|10082.56|5403|40|0.00|12.00|0.00|0.00|0.00|0.00|0.00|0.00|0.00|
|C170|3|PROD006|EMBALAGEM PADRAO F|30.54|UN|270.87|5403|40|0.00|12.00|0.00|0.00|0.00|0.00|0.00|0.00|0.00|
|C100|1|0|98765432000188|55|00|000000445|000|13012024|14012024|29688.02|23330.66|2799.68|0.00|0.00|0.00|0.00|0.00|0.00|0.00|0|22244466000133|
|C170|1|PROD002|COMPONENTE ELETRICO B|42.99|UN|3405.43|5102|70|0.00|12.00|0.00|0.00|0.00|0.00|0.00|0.00|0.00|
|C170|2|PROD008|CONJUNTO MONTADO H|31.91|UN|23597.88|5102|00|21559.47|12.00|2587.14|0.00|0.00|0.00|0.00|0.00|0.00|
|C170|3|PROD007|PARTE SOBRESSALENTE G|13.05|UN|1857.23|5102|00|1771.19|12.00|212.54|0.00|0.00|0.00|0.00|0.00|0.00|
|C170|4|PROD007|PARTE SOBRESSALENTE G|7.53|UN|827.48|5102|40|0.00|12.00|0.00|0.00|0.00|0.00|0.00|0.00|0.00|
|C100|1|0|98765432000188|55|00|000000446|000|29012024|31012024|2528.36|667.12|80.06|0.00|0.00|0.00|0.00|0.00|0.00|0.00|0|33366699000100|
|C170|1|PROD002|COMPONENTE ELETRICO B|9.91|UN|415.84|5102|10|355.47|12.00|42.66|0.00|0.00|0.00|0.00|0.00|0.00|
|C170|2|PROD002|COMPONENTE ELETRICO B|14.52|UN|726.20|5102|41|0.00|12.00|0.00|0.00|0.00|0.00|0.00|0.00|0.00|
|C170|3|PROD007|PARTE SOBRESSALENTE G|6.74|UN|1028.96|5102|40|0.00|12.00|0.00|0.00|0.00|0.00|0.00|0.00|0.00|
|C170|4|PROD005|INSUMO INDUSTRIAL E|16.02|UN|357.36|5102|00|311.65|12.00|37.40|0.00|0.00|0.00|0.00|0.00|0.00|
|C100|1|0|98765432000188|55|00|000000447|000|04012024|07012024|66099.03|28056.48|3366.78|0.00|0.00|0.00|0.00|0.00|0.00|0.00|0|55512312300010|
|C170|1|PROD008|CONJUNTO MONTADO H|17.29|UN|19867.59|5401|00|19310.16|12.00|2317.22|0.00|0.00|0.00|0.00|0.00|0.00|
|C170|2|PROD003|MATERIAL BRUTO C|31.96|UN|8939.01|5401|00|8746.32|12.00|1049.56|0.00|0.00|0.00|0.00|0.00|0.00|
|C170|3|PROD008|CONJUNTO MONTADO H|38.65|UN|37292.43|5401|30|0.00|12.00|0.00|0.00|0.00|0.00|0.00|0.00|0.00|
|C100|1|0|98765432000188|55|00|000000448|000|03012024|04012024|3150.70|2966.60|355.99|0.00|0.00|0.00|0.00|0.00|0.00|0.00|0|33366699000100|
|C170|1|PROD001|PECA MECANICA TIPO A|45.58|UN|3150.70|6101|20|2966.60|12.00|355.99|0.00|0.00|0.00|0.00|0.00|0.00|
|C100|1|0|98765432000188|55|00|000000449|000|22012024|25012024|16338.22|859.09|103.09|0.00|0.00|0.00|0.00|0.00|0.00|0.00|0|33366699000100|
|C170|1|PROD005|INSUMO INDUSTRIAL E|49.54|UN|975.52|5401|20|859.09|12.00|103.09|0.00|0.00|0.00|0.00|0.00|0.00|
|C170|2|PROD008|CONJUNTO MONTADO H|11.51|UN|15362.70|5401|40|0.00|12.00|0.00|0.00|0.00|0.00|0.00|0.00|0.00|
|C100|1|0|98765432000188|55|00|000000450|000|12012024|12012024|1884.42|1840.17|220.82|0.00|0.00|0.00|0.00|0.00|0.00|0.00|0|22244466000133|
|C170|1|PROD007|PARTE SOBRESSALENTE G|16.49|UN|1476.34|5401|10|1463.91|12.00|175.67|0.00|0.00|0.00|0.00|0.00|0.00|
|C170|2|PROD001|PECA MECANICA TIPO A|4.69|UN|408.08|5401|51|376.26|12.00|45.15|0.00|0.00|0.00|0.00|0.00|0.00|
|C100|1|0|98765432000188|55|00|000000451|000|06012024|07012024|20749.56|16389.72|1966.77|0.00|0.00|0.00|0.00|0.00|0.00|0.00|0|99900011000155|
|C170|1|PROD008|CONJUNTO MONTADO H|13.74|UN|16741.70|5101|90|14295.01|12.00|1715.40|0.00|0.00|0.00|0.00|0.00|0.00|
|C170|2|PROD007|PARTE SOBRESSALENTE G|25.66|UN|2340.51|5101|20|2094.71|12.00|251.37|0.00|0.00|0.00|0.00|0.00|0.00|
|C170|3|PROD005|INSUMO INDUSTRIAL E|47.56|UN|1667.35|5101|30|0.00|12.00|0.00|0.00|0.00|0.00|0.00|0.00|0.00|
|C100|1|0|98765432000188|55|00|000000452|000|31012024|01022024|2008.04|0.00|0.00|0.00|0.00|0.00|0.00|0.00|0.00|0.00|0|22244466000133|
|C170|1|PROD006|EMBALAGEM PADRAO F|32.15|UN|368.11|5401|40|0.00|12.00|0.00|0.00|0.00|0.00|0.00|0.00|0.00|
|C170|2|PROD008|CONJUNTO MONTADO H|1.65|UN|1639.93|5401|40|0.00|12.00|0.00|0.00|0.00|0.00|0.00|0.00|0.00|
|C100|1|0|98765432000188|55|00|000000453|000|04012024|04012024|34445.38|27940.33|3352.84|0.00|0.00|0.00|0.00|0.00|0.00|0.00|0|22244466000133|
|C170|1|PROD006|EMBALAGEM PADRAO F|40.79|UN|431.97|5403|41|0.00|12.00|0.00|0.00|0.00|0.00|0.00|0.00|0.00|
|C170|2|PROD002|COMPONENTE ELETRICO B|26.43|UN|1506.49|5403|70|0.00|12.00|0.00|0.00|0.00|0.00|0.00|0.00|0.00|
|C170|3|PROD004|PRODUTO ACABADO D|31.81|UN|21796.31|5403|00|18780.33|12.00|2253.64|0.00|0.00|0.00|0.00|0.00|0.00|
|C170|4|PROD003|MATERIAL BRUTO C|38.86|UN|10325.00|5403|10|8790.17|12.00|1054.82|0.00|0.00|0.00|0.00|0.00|0.00|
|C170|5|PROD001|PECA MECANICA TIPO A|6.27|UN|385.61|5403|00|369.83|12.00|44.38|0.00|0.00|0.00|0.00|0.00|0.00|
|C100|1|0|98765432000188|55|00|000000454|000|03012024|06012024|31842.45|27854.46|3342.54|0.00|0.00|0.00|0.00|0.00|0.00|0.00|0|77788899000177|
|C170|1|PROD008|CONJUNTO MONTADO H|38.31|UN|31842.45|5101|90|27854.46|12.00|3342.54|0.00|0.00|0.00|0.00|0.00|0.00|
|C100|1|0|98765432000188|55|00|000000455|000|18012024|21012024|1466.90|0.00|0.00|0.00|0.00|0.00|0.00|0.00|0.00|0.00|0|99900011000155|
|C170|1|PROD006|EMBALAGEM PADRAO F|9.46|UN|84.00|6101|60|0.00|12.00|0.00|0.00|0.00|0.00|0.00|0.00|0.00|
|C170|2|PROD001|PECA MECANICA TIPO A|13.95|UN|1382.90|6101|30|0.00|12.00|0.00|0.00|0.00|0.00|0.00|0.00|0.00|
|C100|1|0|98765432000188|55|00|000000456|000|12012024|12012024|53076.84|46113.12|5533.57|0.00|0.00|0.00|0.00|0.00|0.00|0.00|0|77788899000177|
|C170|1|PROD004|PRODUTO ACABADO D|25.76|UN|16108.69|5403|00|13841.36|12.00|1660.96|0.00|0.00|0.00|0.00|0.00|0.00|
|C170|2|PROD004|PRODUTO ACABADO D|4.30|UN|2327.67|5403|50|0.00|12.00|0.00|0.00|0.00|0.00|0.00|0.00|0.00|
|C170|3|PROD005|INSUMO INDUSTRIAL E|7.68|UN|196.63|5403|40|0.00|12.00|0.00|0.00|0.00|0.00|0.00|0.00|0.00|
|C170|4|PROD006|EMBALAGEM PADRAO F|11.92|UN|100.36|5403|00|98.01|12.00|11.76|0.00|0.00|0.00|0.00|0.00|0.00|
|C170|5|PROD008|CONJUNTO MONTADO H|45.95|UN|34343.49|5403|90|32173.75|12.00|3860.85|0.00|0.00|0.00|0.00|0.00|0.00|
|C100|1|0|98765432000188|55|00|000000457|000|17012024|19012024|52795.58|27395.28|3287.43|0.00|0.00|0.00|0.00|0.00|0.00|0.00|0|77788899000177|
|C170|1|PROD006|EMBALAGEM PADRAO F|22.40|UN|252.49|6102|60|0.00|12.00|0.00|0.00|0.00|0.00|0.00|0.00|0.00|
|C170|2|PROD005|INSUMO INDUSTRIAL E|35.41|UN|1113.42|6102|00|984.76|12.00|118.17|0.00|0.00|0.00|0.00|0.00|0.00|
|C170|3|PROD004|PRODUTO ACABADO D|17.66|UN|13059.96|6102|40|0.00|12.00|0.00|0.00|0.00|0.00|0.00|0.00|0.00|
|C170|4|PROD003|MATERIAL BRUTO C|33.34|UN|9673.76|6102|30|0.00|12.00|0.00|0.00|0.00|0.00|0.00|0.00|0.00|
|C170|5|PROD004|PRODUTO ACABADO D|41.76|UN|28695.95|6102|20|26410.52|12.00|3169.26|0.00|0.00|0.00|0.00|0.00|0.00|
|C100|1|0|98765432000188|55|00|000000458|000|02012024|04012024|912.54|240.25|28.83|0.00|0.00|0.00|0.00|0.00|0.00|0.00|0|55512312300010|
|C170|1|PROD005|INSUMO INDUSTRIAL E|27.24|UN|641.21|6101|41|0.00|12.00|0.00|0.00|0.00|0.00|0.00|0.00|0.00|
|C170|2|PROD006|EMBALAGEM PADRAO F|41.05|UN|271.33|6101|00|240.25|12.00|28.83|0.00|0.00|0.00|0.00|0.00|0.00|
|C100|1|0|98765432000188|55|00|000000459|000|24012024|24012024|35744.42|20045.79|2405.48|0.00|0.00|0.00|0.00|0.00|0.00|0.00|0|22244466000133|
|C170|1|PROD003|MATERIAL BRUTO C|36.12|UN|11853.57|5102|20|10710.70|12.00|1285.28|0.00|0.00|0.00|0.00|0.00|0.00|
|C170|2|PROD005|INSUMO INDUSTRIAL E|34.15|UN|1348.54|5102|10|1329.68|12.00|159.56|0.00|0.00|0.00|0.00|0.00|0.00|
|C170|3|PROD004|PRODUTO ACABADO D|17.01|UN|9171.51|5102|00|7874.12|12.00|944.89|0.00|0.00|0.00|0.00|0.00|0.00|
|C170|4|PROD006|EMBALAGEM PADRAO F|25.52|UN|150.82|5102|00|131.29|12.00|15.75|0.00|0.00|0.00|0.00|0.00|0.00|
|C170|5|PROD004|PRODUTO ACABADO D|16.23|UN|13219.98|5102|60|0.00|12.00|0.00|0.00|0.00|0.00|0.00|0.00|0.00|
|C100|1|0|98765432000188|55|00|000000460|000|01012024|02012024|9570.81|1149.47|137.94|0.00|0.00|0.00|0.00|0.00|0.00|0.00|0|99900011000155|
|C170|1|PROD005|INSUMO INDUSTRIAL E|39.52|UN|1268.69|5401|10|1149.47|12.00|137.94|0.00|0.00|0.00|0.00|0.00|0.00|
|C170|2|PROD001|PECA MECANICA TIPO A|17.48|UN|1854.49|5401|40|0.00|12.00|0.00|0.00|0.00|0.00|0.00|0.00|0.00|
|C170|3|PROD003|MATERIAL BRUTO C|24.06|UN|6447.63|5401|40|0.00|12.00|0.00|0.00|0.00|0.00|0.00|0.00|0.00|
|C100|1|0|98765432000188|55|00|000000461|000|11012024|11012024|110962.97|47608.24|5712.99|0.00|0.00|0.00|0.00|0.00|0.00|0.00|0|99900011000155|
|C170|1|PROD008|CONJUNTO MONTADO H|44.91|UN|46707.32|5403|51|43625.55|12.00|5235.07|0.00|0.00|0.00|0.00|0.00|0.00|
|C170|2|PROD008|CONJUNTO MONTADO H|37.73|UN|45598.96|5403|40|0.00|12.00|0.00|0.00|0.00|0.00|0.00|0.00|0.00|
|C170|3|PROD007|PARTE SOBRESSALENTE G|37.75|UN|4016.93|5403|00|3982.69|12.00|477.92|0.00|0.00|0.00|0.00|0.00|0.00|
|C170|4|PROD003|MATERIAL BRUTO C|46.97|UN|14639.76|5403|50|0.00|12.00|0.00|0.00|0.00|0.00|0.00|0.00|0.00|
|C100|1|0|98765432000188|55|00|000000462|000|15012024|15012024|15070.68|9888.79|1186.66|0.00|0.00|0.00|0.00|0.00|0.00|0.00|0|22244466000133|
|C170|1|PROD007|PARTE SOBRESSALENTE G|29.86|UN|3904.49|5101|00|3479.15|12.00|417.50|0.00|0.00|0.00|0.00|0.00|0.00|
|C170|2|PROD007|PARTE SOBRESSALENTE G|34.60|UN|5113.44|5101|20|5019.38|12.00|602.33|0.00|0.00|0.00|0.00|0.00|0.00|
|C170|3|PROD007|PARTE SOBRESSALENTE G|11.24|UN|1460.67|5101|20|1390.26|12.00|166.83|0.00|0.00|0.00|0.00|0.00|0.00|
|C170|4|PROD007|PARTE SOBRESSALENTE G|29.66|UN|4592.08|5101|40|0.00|12.00|0.00|0.00|0.00|0.00|0.00|0.00|0.00|
|C100|1|0|98765432000188|55|00|000000463|000|02012024|03012024|12494.51|443.36|53.20|0.00|0.00|0.00|0.00|0.00|0.00|0.00|0|77788899000177|
|C170|1|PROD003|MATERIAL BRUTO C|17.78|UN|5462.10|6102|70|0.00|12.00|0.00|0.00|0.00|0.00|0.00|0.00|0.00|
|C170|2|PROD001|PECA MECANICA TIPO A|14.86|UN|1174.61|6102|40|0.00|12.00|0.00|0.00|0.00|0.00|0.00|0.00|0.00|
|C170|3|PROD001|PECA MECANICA TIPO A|24.02|UN|1739.22|6102|50|0.00|12.00|0.00|0.00|0.00|0.00|0.00|0.00|0.00|
|C170|4|PROD005|INSUMO INDUSTRIAL E|27.62|UN|466.03|6102|90|443.36|12.00|53.20|0.00|0.00|0.00|0.00|0.00|0.00|
|C170|5|PROD007|PARTE SOBRESSALENTE G|30.80|UN|3652.55|6102|40|0.00|12.00|0.00|0.00|0.00|0.00|0.00|0.00|0.00|
|C100|1|0|98765432000188|55|00|000000464|000|06012024|08012024|11372.09|9767.86|1172.14|0.00|0.00|0.00|0.00|0.00|0.00|0.00|0|33366699000100|
|C170|1|PROD003|MATERIAL BRUTO C|36.43|UN|11372.09|5403|00|9767.86|12.00|1172.14|0.00|0.00|0.00|0.00|0.00|0.00|
|C100|1|0|98765432000188|55|00|000000465|000|05012024|05012024|24763.55|258.25|30.99|0.00|0.00|0.00|0.00|0.00|0.00|0.00|0|33366699000100|
|C170|1|PROD002|COMPONENTE ELETRICO B|4.74|UN|279.37|5403|20|258.25|12.00|30.99|0.00|0.00|0.00|0.00|0.00|0.00|
|C170|2|PROD008|CONJUNTO MONTADO H|22.99|UN|24484.18|5403|40|0.00|12.00|0.00|0.00|0.00|0.00|0.00|0.00|0.00|
|C100|1|0|98765432000188|55|00|000000466|000|20012024|21012024|3480.23|3062.58|367.51|0.00|0.00|0.00|0.00|0.00|0.00|0.00|0|33366699000100|
|C170|1|PROD006|EMBALAGEM PADRAO F|6.02|UN|70.29|6102|00|60.64|12.00|7.28|0.00|0.00|0.00|0.00|0.00|0.00|
|C170|2|PROD001|PECA MECANICA TIPO A|44.33|UN|3409.94|6102|90|3001.94|12.00|360.23|0.00|0.00|0.00|0.00|0.00|0.00|
|C100|1|0|98765432000188|55|00|000000467|000|02012024|04012024|6386.95|3212.59|385.51|0.00|0.00|0.00|0.00|0.00|0.00|0.00|0|77788899000177|
|C170|1|PROD001|PECA MECANICA TIPO A|32.98|UN|3646.16|5401|00|3198.08|12.00|383.77|0.00|0.00|0.00|0.00|0.00|0.00|
|C170|2|PROD006|EMBALAGEM PADRAO F|1.78|UN|16.42|5401|00|14.51|12.00|1.74|0.00|0.00|0.00|0.00|0.00|0.00|
|C170|3|PROD002|COMPONENTE ELETRICO B|45.62|UN|2724.37|5401|40|0.00|12.00|0.00|0.00|0.00|0.00|0.00|0.00|0.00|
|C100|1|0|98765432000188|55|00|000000468|000|02012024|03012024|23179.09|22342.82|2681.14|0.00|0.00|0.00|0.00|0.00|0.00|0.00|0|55512312300010|
|C170|1|PROD006|EMBALAGEM PADRAO F|39.37|UN|322.07|5403|51|290.28|12.00|34.83|0.00|0.00|0.00|0.00|0.00|0.00|
|C170|2|PROD006|EMBALAGEM PADRAO F|47.75|UN|364.83|5403|10|326.46|12.00|39.18|0.00|0.00|0.00|0.00|0.00|0.00|
|C170|3|PROD004|PRODUTO ACABADO D|31.26|UN|16501.20|5403|00|16408.97|12.00|1969.08|0.00|0.00|0.00|0.00|0.00|0.00|
|C170|4|PROD008|CONJUNTO MONTADO H|6.43|UN|5990.99|5403|51|5317.11|12.00|638.05|0.00|0.00|0.00|0.00|0.00|0.00|
|C100|1|0|98765432000188|55|00|000000469|000|25012024|25012024|1945.25|1722.04|206.64|0.00|0.00|0.00|0.00|0.00|0.00|0.00|0|33366699000100|
|C170|1|PROD002|COMPONENTE ELETRICO B|31.59|UN|1945.25|5101|10|1722.04|12.00|206.64|0.00|0.00|0.00|0.00|0.00|0.00|
|C100|1|0|98765432000188|55|00|000000470|000|18012024|19012024|6361.65|0.00|0.00|0.00|0.00|0.00|0.00|0.00|0.00|0.00|0|55512312300010|
|C170|1|PROD002|COMPONENTE ELETRICO B|5.03|UN|251.95|5102|40|0.00|12.00|0.00|0.00|0.00|0.00|0.00|0.00|0.00|
|C170|2|PROD008|CONJUNTO MONTADO H|4.42|UN|6109.70|5102|30|0.00|12.00|0.00|0.00|0.00|0.00|0.00|0.00|0.00|
|C100|1|0|98765432000188|55|00|000000471|000|24012024|24012024|713.53|0.00|0.00|0.00|0.00|0.00|0.00|0.00|0.00|0.00|0|33366699000100|
|C170|1|PROD002|COMPONENTE ELETRICO B|13.27|UN|713.53|5403|50|0.00|12.00|0.00|0.00|0.00|0.00|0.00|0.00|0.00|
|C100|1|0|98765432000188|55|00|000000472|000|01012024|04012024|50770.25|44941.71|5393.01|0.00|0.00|0.00|0.00|0.00|0.00|0.00|0|22244466000133|
|C170|1|PROD006|EMBALAGEM PADRAO F|37.57|UN|266.00|5403|50|0.00|12.00|0.00|0.00|0.00|0.00|0.00|0.00|0.00|
|C170|2|PROD003|MATERIAL BRUTO C|24.40|UN|5454.90|5403|70|0.00|12.00|0.00|0.00|0.00|0.00|0.00|0.00|0.00|
|C170|3|PROD008|CONJUNTO MONTADO H|45.32|UN|45049.35|5403|00|44941.71|12.00|5393.01|0.00|0.00|0.00|0.00|0.00|0.00|
|C100|1|0|98765432000188|55|00|000000473|000|22012024|23012024|42203.15|37597.81|4511.74|0.00|0.00|0.00|0.00|0.00|0.00|0.00|0|33366699000100|
|C170|1|PROD004|PRODUTO ACABADO D|41.43|UN|38973.39|5403|10|37024.89|12.00|4442.99|0.00|0.00|0.00|0.00|0.00|0.00|
|C170|2|PROD001|PECA MECANICA TIPO A|8.73|UN|888.66|5403|41|0.00|12.00|0.00|0.00|0.00|0.00|0.00|0.00|0.00|
|C170|3|PROD005|INSUMO INDUSTRIAL E|18.70|UN|593.54|5403|20|572.92|12.00|68.75|0.00|0.00|0.00|0.00|0.00|0.00|
|C170|4|PROD001|PECA MECANICA TIPO A|8.88|UN|783.48|5403|30|0.00|12.00|0.00|0.00|0.00|0.00|0.00|0.00|0.00|
|C170|5|PROD005|INSUMO INDUSTRIAL E|27.00|UN|964.08|5403|40|0.00|12.00|0.00|0.00|0.00|0.00|0.00|0.00|0.00|
|C100|1|0|98765432000188|55|00|000000474|000|19012024|21012024|43122.02|207.68|24.92|0.00|0.00|0.00|0.00|0.00|0.00|0.00|0|55512312300010|
|C170|1|PROD008|CONJUNTO MONTADO H|31.62|UN|23623.22|6101|40|0.00|12.00|0.00|0.00|0.00|0.00|0.00|0.00|0.00|
|C170|2|PROD004|PRODUTO ACABADO D|29.61|UN|19264.85|6101|50|0.00|12.00|0.00|0.00|0.00|0.00|0.00|0.00|0.00|
|C170|3|PROD006|EMBALAGEM PADRAO F|33.18|UN|233.95|6101|00|207.68|12.00|24.92|0.00|0.00|0.00|0.00|0.00|0.00|
|C100|1|0|98765432000188|55|00|000000475|000|05012024|06012024|345.86|302.09|36.25|0.00|0.00|0.00|0.00|0.00|0.00|0.00|0|33366699000100|
|C170|1|PROD001|PECA MECANICA TIPO A|4.55|UN|345.86|6101|10|302.09|12.00|36.25|0.00|0.00|0.00|0.00|0.00|0.00|
|C100|1|0|98765432000188|55|00|000000476|000|13012024|16012024|22780.07|21179.12|2541.50|0.00|0.00|0.00|0.00|0.00|0.00|0.00|0|99900011000155|
|C170|1|PROD003|MATERIAL BRUTO C|4.39|UN|1264.29|6101|41|0.00|12.00|0.00|0.00|0.00|0.00|0.00|0.00|0.00|
|C170|2|PROD004|PRODUTO ACABADO D|30.36|UN|20229.60|6101|00|19905.80|12.00|2388.70|0.00|0.00|0.00|0.00|0.00|0.00|
|C170|3|PROD001|PECA MECANICA TIPO A|15.76|UN|1286.18|6101|00|1273.32|12.00|152.80|0.00|0.00|0.00|0.00|0.00|0.00|
|C100|1|0|98765432000188|55|00|000000477|000|14012024|17012024|29283.03|2831.76|339.81|0.00|0.00|0.00|0.00|0.00|0.00|0.00|0|77788899000177|
|C170|1|PROD008|CONJUNTO MONTADO H|35.19|UN|26041.51|5102|40|0.00|12.00|0.00|0.00|0.00|0.00|0.00|0.00|0.00|
|C170|2|PROD006|EMBALAGEM PADRAO F|33.64|UN|276.82|5102|60|0.00|12.00|0.00|0.00|0.00|0.00|0.00|0.00|0.00|
|C170|3|PROD008|CONJUNTO MONTADO H|2.59|UN|2964.70|5102|00|2831.76|12.00|339.81|0.00|0.00|0.00|0.00|0.00|0.00|
|C100|1|0|98765432000188|55|00|000000478|000|02012024|03012024|47648.03|42667.92|5120.15|0.00|0.00|0.00|0.00|0.00|0.00|0.00|0|22244466000133|
|C170|1|PROD001|PECA MECANICA TIPO A|31.29|UN|3320.38|5101|40|0.00|12.00|0.00|0.00|0.00|0.00|0.00|0.00|0.00|
|C170|2|PROD006|EMBALAGEM PADRAO F|19.88|UN|136.79|5101|20|133.57|12.00|16.03|0.00|0.00|0.00|0.00|0.00|0.00|
|C170|3|PROD001|PECA MECANICA TIPO A|24.90|UN|1748.12|5101|00|1617.76|12.00|194.13|0.00|0.00|0.00|0.00|0.00|0.00|
|C170|4|PROD004|PRODUTO ACABADO D|46.16|UN|42442.74|5101|51|40916.59|12.00|4909.99|0.00|0.00|0.00|0.00|0.00|0.00|
|C100|1|0|98765432000188|55|00|000000479|000|16012024|18012024|30283.92|24380.19|2925.62|0.00|0.00|0.00|0.00|0.00|0.00|0.00|0|22244466000133|
|C170|1|PROD006|EMBALAGEM PADRAO F|26.53|UN|227.11|5101|10|218.35|12.00|26.20|0.00|0.00|0.00|0.00|0.00|0.00|
|C170|2|PROD004|PRODUTO ACABADO D|6.38|UN|4186.26|5101|50|0.00|12.00|0.00|0.00|0.00|0.00|0.00|0.00|0.00|
|C170|3|PROD008|CONJUNTO MONTADO H|34.19|UN|25870.55|5101|20|24161.84|12.00|2899.42|0.00|0.00|0.00|0.00|0.00|0.00|
|C100|1|0|98765432000188|55|00|000000480|000|29012024|31012024|24134.00|22717.73|2726.13|0.00|0.00|0.00|0.00|0.00|0.00|0.00|0|99900011000155|
|C170|1|PROD002|COMPONENTE ELETRICO B|17.74|UN|1393.30|5101|10|1329.68|12.00|159.56|0.00|0.00|0.00|0.00|0.00|0.00|
|C170|2|PROD008|CONJUNTO MONTADO H|6.71|UN|8957.57|5101|00|8402.67|12.00|1008.32|0.00|0.00|0.00|0.00|0.00|0.00|
|C170|3|PROD002|COMPONENTE ELETRICO B|21.35|UN|861.09|5101|00|848.99|12.00|101.88|0.00|0.00|0.00|0.00|0.00|0.00|
|C170|4|PROD003|MATERIAL BRUTO C|46.62|UN|12896.66|5101|10|12136.39|12.00|1456.37|0.00|0.00|0.00|0.00|0.00|0.00|
|C170|5|PROD006|EMBALAGEM PADRAO F|4.30|UN|25.38|5101|70|0.00|12.00|0.00|0.00|0.00|0.00|0.00|0.00|0.00|
|C100|1|0|98765432000188|55|00|000000481|000|29012024|01022024|65428.24|55108.07|6612.97|0.00|0.00|0.00|0.00|0.00|0.00|0.00|0|22244466000133|
|C170|1|PROD005|INSUMO INDUSTRIAL E|29.41|UN|880.45|6102|30|0.00|12.00|0.00|0.00|0.00|0.00|0.00|0.00|0.00|
|C170|2|PROD007|PARTE SOBRESSALENTE G|28.98|UN|4236.59|6102|40|0.00|12.00|0.00|0.00|0.00|0.00|0.00|0.00|0.00|
|C170|3|PROD008|CONJUNTO MONTADO H|49.53|UN|60311.20|6102|00|55108.07|12.00|6612.97|0.00|0.00|0.00|0.00|0.00|0.00|
|C100|1|0|98765432000188|55|00|000000482|000|02012024|04012024|14605.79|12543.83|1505.26|0.00|0.00|0.00|0.00|0.00|0.00|0.00|0|77788899000177|
|C170|1|PROD006|EMBALAGEM PADRAO F|41.71|UN|261.93|5102|41|0.00|12.00|0.00|0.00|0.00|0.00|0.00|0.00|0.00|
|C170|2|PROD003|MATERIAL BRUTO C|40.87|UN|12660.61|5102|20|11014.38|12.00|1321.73|0.00|0.00|0.00|0.00|0.00|0.00|
|C170|3|PROD002|COMPONENTE ELETRICO B|1.21|UN|44.40|5102|20|40.44|12.00|4.85|0.00|0.00|0.00|0.00|0.00|0.00|
|C170|4|PROD005|INSUMO INDUSTRIAL E|45.92|UN|1638.85|5102|00|1489.01|12.00|178.68|0.00|0.00|0.00|0.00|0.00|0.00|
|C100|1|0|98765432000188|55|00|000000483|000|25012024|25012024|14604.85|9833.54|1180.02|0.00|0.00|0.00|0.00|0.00|0.00|0.00|0|55512312300010|
|C170|1|PROD007|PARTE SOBRESSALENTE G|18.78|UN|2021.83|6101|50|0.00|12.00|0.00|0.00|0.00|0.00|0.00|0.00|0.00|
|C170|2|PROD002|COMPONENTE ELETRICO B|1.22|UN|89.27|6101|00|76.04|12.00|9.12|0.00|0.00|0.00|0.00|0.00|0.00|
|C170|3|PROD008|CONJUNTO MONTADO H|10.24|UN|10158.39|6101|00|9757.50|12.00|1170.90|0.00|0.00|0.00|0.00|0.00|0.00|
|C170|4|PROD006|EMBALAGEM PADRAO F|25.03|UN|190.70|6101|40|0.00|12.00|0.00|0.00|0.00|0.00|0.00|0.00|0.00|
|C170|5|PROD007|PARTE SOBRESSALENTE G|15.18|UN|2144.66|6101|30|0.00|12.00|0.00|0.00|0.00|0.00|0.00|0.00|0.00|
|C100|1|0|98765432000188|55|00|000000484|000|01012024|03012024|2090.63|2012.98|241.56|0.00|0.00|0.00|0.00|0.00|0.00|0.00|0|55512312300010|
|C170|1|PROD002|COMPONENTE ELETRICO B|37.48|UN|2090.63|5101|00|2012.98|12.00|241.56|0.00|0.00|0.00|0.00|0.00|0.00|
|C100|1|0|98765432000188|55|00|000000485|000|25012024|26012024|24432.25|23732.45|2847.90|0.00|0.00|0.00|0.00|0.00|0.00|0.00|0|33366699000100|
|C170|1|PROD003|MATERIAL BRUTO C|16.92|UN|5118.51|6102|00|4612.96|12.00|553.56|0.00|0.00|0.00|0.00|0.00|0.00|
|C170|2|PROD006|EMBALAGEM PADRAO F|21.25|UN|123.43|6102|30|0.00|12.00|0.00|0.00|0.00|0.00|0.00|0.00|0.00|
|C170|3|PROD004|PRODUTO ACABADO D|37.89|UN|19177.64|6102|00|19107.44|12.00|2292.89|0.00|0.00|0.00|0.00|0.00|0.00|
|C170|4|PROD006|EMBALAGEM PADRAO F|1.16|UN|12.67|6102|51|12.05|12.00|1.45|0.00|0.00|0.00|0.00|0.00|0.00|
|C100|1|0|98765432000188|55|00|000000486|000|11012024|14012024|351.13|0.00|0.00|0.00|0.00|0.00|0.00|0.00|0.00|0.00|0|99900011000155|
|C170|1|PROD005|INSUMO INDUSTRIAL E|10.79|UN|351.13|5102|40|0.00|12.00|0.00|0.00|0.00|0.00|0.00|0.00|0.00|
|C100|1|0|98765432000188|55|00|000000487|000|23012024|23012024|1644.10|769.62|92.35|0.00|0.00|0.00|0.00|0.00|0.00|0.00|0|55512312300010|
|C170|1|PROD005|INSUMO INDUSTRIAL E|24.74|UN|773.77|5101|50|0.00|12.00|0.00|0.00|0.00|0.00|0.00|0.00|0.00|
|C170|2|PROD001|PECA MECANICA TIPO A|11.25|UN|870.33|5101|10|769.62|12.00|92.35|0.00|0.00|0.00|0.00|0.00|0.00|
|C100|1|0|98765432000188|55|00|000000488|000|10012024|13012024|35183.49|27511.11|3301.33|0.00|0.00|0.00|0.00|0.00|0.00|0.00|0|99900011000155|
|C170|1|PROD001|PECA MECANICA TIPO A|14.71|UN|746.15|5102|00|710.77|12.00|85.29|0.00|0.00|0.00|0.00|0.00|0.00|
|C170|2|PROD002|COMPONENTE ELETRICO B|30.94|UN|2148.75|5102|40|0.00|12.00|0.00|0.00|0.00|0.00|0.00|0.00|0.00|
|C170|3|PROD004|PRODUTO ACABADO D|30.46|UN|29673.83|5102|00|26223.87|12.00|3146.86|0.00|0.00|0.00|0.00|0.00|0.00|
|C170|4|PROD007|PARTE SOBRESSALENTE G|18.70|UN|2012.12|5102|40|0.00|12.00|0.00|0.00|0.00|0.00|0.00|0.00|0.00|
|C170|5|PROD005|INSUMO INDUSTRIAL E|33.65|UN|602.64|5102|00|576.47|12.00|69.18|0.00|0.00|0.00|0.00|0.00|0.00|
|C100|1|0|98765432000188|55|00|000000489|000|05012024|08012024|19079.06|2997.01|359.64|0.00|0.00|0.00|0.00|0.00|0.00|0.00|0|33366699000100|
|C170|1|PROD004|PRODUTO ACABADO D|17.77|UN|15824.72|6102|50|0.00|12.00|0.00|0.00|0.00|0.00|0.00|0.00|0.00|
|C170|2|PROD007|PARTE SOBRESSALENTE G|36.85|UN|3108.41|6102|20|2854.19|12.00|342.50|0.00|0.00|0.00|0.00|0.00|0.00|
|C170|3|PROD005|INSUMO INDUSTRIAL E|4.02|UN|145.93|6102|00|142.82|12.00|17.14|0.00|0.00|0.00|0.00|0.00|0.00|
|C100|1|0|98765432000188|55|00|000000490|000|11012024|12012024|18165.62|1627.82|195.34|0.00|0.00|0.00|0.00|0.00|0.00|0.00|0|22244466000133|
|C170|1|PROD003|MATERIAL BRUTO C|30.37|UN|8376.05|5401|30|0.00|12.00|0.00|0.00|0.00|0.00|0.00|0.00|0.00|
|C170|2|PROD005|INSUMO INDUSTRIAL E|45.07|UN|1782.68|5401|60|0.00|12.00|0.00|0.00|0.00|0.00|0.00|0.00|0.00|
|C170|3|PROD001|PECA MECANICA TIPO A|4.62|UN|269.97|5401|40|0.00|12.00|0.00|0.00|0.00|0.00|0.00|0.00|0.00|
|C170|4|PROD003|MATERIAL BRUTO C|22.64|UN|5933.86|5401|40|0.00|12.00|0.00|0.00|0.00|0.00|0.00|0.00|0.00|
|C170|5|PROD007|PARTE SOBRESSALENTE G|13.06|UN|1803.06|5401|20|1627.82|12.00|195.34|0.00|0.00|0.00|0.00|0.00|0.00|
|C100|1|0|98765432000188|55|00|000000491|000|27012024|29012024|30556.92|11495.08|1379.41|0.00|0.00|0.00|0.00|0.00|0.00|0.00|0|22244466000133|
|C170|1|PROD008|CONJUNTO MONTADO H|6.32|UN|6932.43|5102|10|6172.18|12.00|740.66|0.00|0.00|0.00|0.00|0.00|0.00|
|C170|2|PROD002|COMPONENTE ELETRICO B|46.52|UN|3100.49|5102|00|3034.18|12.00|364.10|0.00|0.00|0.00|0.00|0.00|0.00|
|C170|3|PROD002|COMPONENTE ELETRICO B|7.42|UN|347.08|5102|51|325.23|12.00|39.03|0.00|0.00|0.00|0.00|0.00|0.00|
|C170|4|PROD008|CONJUNTO MONTADO H|15.53|UN|18163.18|5102|40|0.00|12.00|0.00|0.00|0.00|0.00|0.00|0.00|0.00|
|C170|5|PROD007|PARTE SOBRESSALENTE G|13.54|UN|2013.74|5102|20|1963.49|12.00|235.62|0.00|0.00|0.00|0.00|0.00|0.00|
|C100|1|0|98765432000188|55|00|000000492|000|28012024|31012024|26200.16|24489.93|2938.79|0.00|0.00|0.00|0.00|0.00|0.00|0.00|0|22244466000133|
|C170|1|PROD008|CONJUNTO MONTADO H|22.41|UN|25496.53|5101|00|24489.93|12.00|2938.79|0.00|0.00|0.00|0.00|0.00|0.00|
|C170|2|PROD005|INSUMO INDUSTRIAL E|44.20|UN|703.63|5101|60|0.00|12.00|0.00|0.00|0.00|0.00|0.00|0.00|0.00|
|C100|1|0|98765432000188|55|00|000000493|000|23012024|25012024|1163.63|505.69|60.68|0.00|0.00|0.00|0.00|0.00|0.00|0.00|0|55512312300010|
|C170|1|PROD006|EMBALAGEM PADRAO F|7.94|UN|51.30|6101|40|0.00|12.00|0.00|0.00|0.00|0.00|0.00|0.00|0.00|
|C170|2|PROD006|EMBALAGEM PADRAO F|48.68|UN|510.61|6101|10|505.69|12.00|60.68|0.00|0.00|0.00|0.00|0.00|0.00|
|C170|3|PROD005|INSUMO INDUSTRIAL E|29.97|UN|601.72|6101|50|0.00|12.00|0.00|0.00|0.00|0.00|0.00|0.00|0.00|
|C100|1|0|98765432000188|55|00|000000494|000|19012024|21012024|410.34|156.07|18.73|0.00|0.00|0.00|0.00|0.00|0.00|0.00|0|55512312300010|
|C170|1|PROD006|EMBALAGEM PADRAO F|19.76|UN|176.46|5101|10|156.07|12.00|18.73|0.00|0.00|0.00|0.00|0.00|0.00|
|C170|2|PROD001|PECA MECANICA TIPO A|2.68|UN|233.88|5101|30|0.00|12.00|0.00|0.00|0.00|0.00|0.00|0.00|0.00|
|C100|1|0|98765432000188|55|00|000000495|000|05012024|05012024|1632.18|1615.41|193.85|0.00|0.00|0.00|0.00|0.00|0.00|0.00|0|22244466000133|
|C170|1|PROD001|PECA MECANICA TIPO A|11.95|UN|1127.82|6102|00|1117.64|12.00|134.12|0.00|0.00|0.00|0.00|0.00|0.00|
|C170|2|PROD007|PARTE SOBRESSALENTE G|5.91|UN|504.36|6102|00|497.77|12.00|59.73|0.00|0.00|0.00|0.00|0.00|0.00|
|C100|1|0|98765432000188|55|00|000000496|000|14012024|17012024|60075.52|54571.26|6548.55|0.00|0.00|0.00|0.00|0.00|0.00|0.00|0|99900011000155|
|C170|1|PROD008|CONJUNTO MONTADO H|22.75|UN|20623.12|5403|00|18221.94|12.00|2186.63|0.00|0.00|0.00|0.00|0.00|0.00|
|C170|2|PROD004|PRODUTO ACABADO D|44.90|UN|30239.93|5403|20|27790.50|12.00|3334.86|0.00|0.00|0.00|0.00|0.00|0.00|
|C170|3|PROD008|CONJUNTO MONTADO H|5.93|UN|6762.82|5403|00|6159.88|12.00|739.19|0.00|0.00|0.00|0.00|0.00|0.00|
|C170|4|PROD002|COMPONENTE ELETRICO B|43.00|UN|2449.65|5403|00|2398.94|12.00|287.87|0.00|0.00|0.00|0.00|0.00|0.00|
|C100|1|0|98765432000188|55|00|000000497|000|19012024|22012024|5775.29|388.58|46.63|0.00|0.00|0.00|0.00|0.00|0.00|0.00|0|77788899000177|
|C170|1|PROD001|PECA MECANICA TIPO A|12.96|UN|1003.62|5403|40|0.00|12.00|0.00|0.00|0.00|0.00|0.00|0.00|0.00|
|C170|2|PROD003|MATERIAL BRUTO C|1.28|UN|436.32|5403|90|388.58|12.00|46.63|0.00|0.00|0.00|0.00|0.00|0.00|
|C170|3|PROD007|PARTE SOBRESSALENTE G|21.86|UN|2710.20|5403|30|0.00|12.00|0.00|0.00|0.00|0.00|0.00|0.00|0.00|
|C170|4|PROD002|COMPONENTE ELETRICO B|37.57|UN|1625.15|5403|40|0.00|12.00|0.00|0.00|0.00|0.00|0.00|0.00|0.00|
|C100|1|0|98765432000188|55|00|000000498|000|17012024|20012024|576.02|573.22|68.79|0.00|0.00|0.00|0.00|0.00|0.00|0.00|0|33366699000100|
|C170|1|PROD001|PECA MECANICA TIPO A|8.88|UN|576.02|6101|00|573.22|12.00|68.79|0.00|0.00|0.00|0.00|0.00|0.00|
|C100|1|0|98765432000188|55|00|000000499|000|14012024|17012024|2210.19|1393.62|167.23|0.00|0.00|0.00|0.00|0.00|0.00|0.00|0|77788899000177|
|C170|1|PROD003|MATERIAL BRUTO C|3.39|UN|693.79|5102|10|595.11|12.00|71.41|0.00|0.00|0.00|0.00|0.00|0.00|
|C170|2|PROD004|PRODUTO ACABADO D|1.69|UN|919.60|5102|00|798.51|12.00|95.82|0.00|0.00|0.00|0.00|0.00|0.00|
|C170|3|PROD005|INSUMO INDUSTRIAL E|16.46|UN|596.80|5102|41|0.00|12.00|0.00|0.00|0.00|0.00|0.00|0.00|0.00|
|C100|1|0|98765432000188|55|00|000000500|000|02012024|02012024|51117.51|10347.59|1241.71|0.00|0.00|0.00|0.00|0.00|0.00|0.00|0|55512312300010|
|C170|1|PROD006|EMBALAGEM PADRAO F|46.97|UN|319.40|5101|20|307.82|12.00|36.94|0.00|0.00|0.00|0.00|0.00|0.00|
|C170|2|PROD008|CONJUNTO MONTADO H|12.36|UN|11323.88|5101|20|10039.77|12.00|1204.77|0.00|0.00|0.00|0.00|0.00|0.00|
|C170|3|PROD008|CONJUNTO MONTADO H|20.69|UN|22776.10|5101|50|0.00|12.00|0.00|0.00|0.00|0.00|0.00|0.00|0.00|
|C170|4|PROD004|PRODUTO ACABADO D|32.17|UN|16588.46|5101|40|0.00|12.00|0.00|0.00|0.00|0.00|0.00|0.00|0.00|
|C170|5|PROD005|INSUMO INDUSTRIAL E|6.13|UN|109.67|5101|30|0.00|12.00|0.00|0.00|0.00|0.00|0.00|0.00|0.00|
|C990|2008|
|E001|0|
|E100|01012024|31012024|
|E110|734869.14|0.00|0.00|734869.14|75.59|0.00|0.00|0.00|0.00|0.00|286057.43|286057.43|0.00|0.00|0.00|0.00|0.00|0.00|0.00|0.00|448736.12|
|E990|4|
|9001|0|
|9900|0000|1|
|9900|0001|1|
|9900|0005|1|
|9900|0150|5|
|9900|0990|1|
|9900|9001|1|
|9900|C001|1|
|9900|C100|500|
|9900|C170|1506|
|9900|C990|1|
|9900|E001|1|
|9900|E100|1|
|9900|E110|1|
|9900|E990|1|
|9990|17|
|9999|2038|
