|0000|LEIAUTE 17|01032024|31032024|12345678000195|ALPHA COMERCIO DE PECAS LTDA|SP|111111111111||SAO PAULO|3550308|0|0|
|0001|0|
|0005|ALPHA COMERCIO DE PECAS LTDA|XX.XXX.XXX/XXXX-XX|12345678000195|contato@empresa.com.br|(11) 0000-0000|
|0150|55512312300010|FORNECEDOR NACIONAL LTDA|SP|444444444444||||55512312300010||
|0150|77788899000177|CLIENTE VAREJO SA|RJ|555555555555||||77788899000177||
|0150|33366699000100|DISTRIBUIDORA CENTRO OESTE|GO|666666666666||||33366699000100||
|0150|22244466000133|INDUSTRIA DO NORTE LTDA|PA|777777777777||||22244466000133||
|0150|99900011000155|ATACADO SUL COMERCIO|SC|888888888888||||99900011000155||
|0990|9|
|C001|0|
|C100|1|0|12345678000195|55|00|000000001|000|12032024|13032024|16369.04|11339.52|1360.74|0.00|0.00|0.00|0.00|0.00|0.00|0.00|0|55512312300010|
|C170|1|PROD003|MATERIAL BRUTO C|40.95|UN|13157.91|5102|00|11339.52|12.00|1360.74|0.00|0.00|0.00|0.00|0.00|0.00|
|C170|2|PROD002|COMPONENTE ELETRICO B|41.89|UN|3211.13|5102|30|0.00|12.00|0.00|0.00|0.00|0.00|0.00|0.00|0.00|
|C100|1|0|12345678000195|55|00|000000002|000|01032024|03032024|31487.42|11747.95|1409.75|0.00|0.00|0.00|0.00|0.00|0.00|0.00|0|22244466000133|
|C170|1|PROD003|MATERIAL BRUTO C|45.89|UN|13058.74|6102|00|11747.95|12.00|1409.75|0.00|0.00|0.00|0.00|0.00|0.00|
|C170|2|PROD004|PRODUTO ACABADO D|23.22|UN|18152.95|6102|60|0.00|12.00|0.00|0.00|0.00|0.00|0.00|0.00|0.00|
|C170|3|PROD006|EMBALAGEM PADRAO F|40.08|UN|275.73|6102|41|0.00|12.00|0.00|0.00|0.00|0.00|0.00|0.00|0.00|
|C100|1|0|12345678000195|55|00|000000003|000|31032024|01042024|32215.68|29953.04|3594.36|0.00|0.00|0.00|0.00|0.00|0.00|0.00|0|33366699000100|
|C170|1|PROD004|PRODUTO ACABADO D|49.56|UN|31226.45|5401|10|29953.04|12.00|3594.36|0.00|0.00|0.00|0.00|0.00|0.00|
|C170|2|PROD005|INSUMO INDUSTRIAL E|39.07|UN|989.23|5401|50|0.00|12.00|0.00|0.00|0.00|0.00|0.00|0.00|0.00|
|C100|1|0|12345678000195|55|00|000000004|000|07032024|09032024|468.05|0.00|0.00|0.00|0.00|0.00|0.00|0.00|0.00|0.00|0|22244466000133|
|C170|1|PROD002|COMPONENTE ELETRICO B|14.99|UN|468.05|5102|40|0.00|12.00|0.00|0.00|0.00|0.00|0.00|0.00|0.00|
|C100|1|0|12345678000195|55|00|000000005|000|19032024|21032024|3035.20|2461.45|295.37|0.00|0.00|0.00|0.00|0.00|0.00|0.00|0|55512312300010|
|C170|1|PROD005|INSUMO INDUSTRIAL E|20.56|UN|387.48|6101|41|0.00|12.00|0.00|0.00|0.00|0.00|0.00|0.00|0.00|
|C170|2|PROD007|PARTE SOBRESSALENTE G|19.19|UN|2120.50|6101|10|1944.50|12.00|233.34|0.00|0.00|0.00|0.00|0.00|0.00|
|C170|3|PROD002|COMPONENTE ELETRICO B|6.53|UN|527.22|6101|00|516.95|12.00|62.03|0.00|0.00|0.00|0.00|0.00|0.00|
|C100|1|0|12345678000195|55|00|000000006|000|05032024|06032024|140389.17|59556.98|7146.83|0.00|0.00|0.00|0.00|0.00|0.00|0.00|0|33366699000100|
|C170|1|PROD008|CONJUNTO MONTADO H|49.89|UN|68223.47|5401|40|0.00|12.00|0.00|0.00|0.00|0.00|0.00|0.00|0.00|
|C170|2|PROD003|MATERIAL BRUTO C|29.59|UN|7018.57|5401|60|0.00|12.00|0.00|0.00|0.00|0.00|0.00|0.00|0.00|
|C170|3|PROD004|PRODUTO ACABADO D|47.11|UN|42017.56|5401|10|37711.19|12.00|4525.34|0.00|0.00|0.00|0.00|0.00|0.00|
|C170|4|PROD008|CONJUNTO MONTADO H|16.14|UN|19412.08|5401|00|18150.02|12.00|2178.00|0.00|0.00|0.00|0.00|0.00|0.00|
|C170|5|PROD003|MATERIAL BRUTO C|11.78|UN|3717.49|5401|00|3695.77|12.00|443.49|0.00|0.00|0.00|0.00|0.00|0.00|
|C100|1|0|12345678000195|55|00|000000007|000|01032024|01032024|28206.78|22216.63|2665.99|0.00|0.00|0.00|0.00|0.00|0.00|0.00|0|55512312300010|
|C170|1|PROD007|PARTE SOBRESSALENTE G|27.90|UN|2438.18|5403|70|0.00|12.00|0.00|0.00|0.00|0.00|0.00|0.00|0.00|
|C170|2|PROD008|CONJUNTO MONTADO H|14.76|UN|11949.69|5403|10|11894.95|12.00|1427.39|0.00|0.00|0.00|0.00|0.00|0.00|
|C170|3|PROD002|COMPONENTE ELETRICO B|14.69|UN|1164.69|5403|20|1148.24|12.00|137.79|0.00|0.00|0.00|0.00|0.00|0.00|
|C170|4|PROD001|PECA MECANICA TIPO A|40.08|UN|2732.52|5403|50|0.00|12.00|0.00|0.00|0.00|0.00|0.00|0.00|0.00|
|C170|5|PROD003|MATERIAL BRUTO C|32.87|UN|9921.70|5403|00|9173.44|12.00|1100.81|0.00|0.00|0.00|0.00|0.00|0.00|
|C100|1|0|12345678000195|55|00|000000008|000|28032024|28032024|39350.63|18429.50|2211.53|0.00|0.00|0.00|0.00|0.00|0.00|0.00|0|77788899000177|
|C170|1|PROD004|PRODUTO ACABADO D|23.68|UN|13339.39|6102|20|12703.04|12.00|1524.36|0.00|0.00|0.00|0.00|0.00|0.00|
|C170|2|PROD003|MATERIAL BRUTO C|20.93|UN|4798.20|6102|00|4279.03|12.00|513.48|0.00|0.00|0.00|0.00|0.00|0.00|
|C170|3|PROD006|EMBALAGEM PADRAO F|4.04|UN|43.54|6102|60|0.00|12.00|0.00|0.00|0.00|0.00|0.00|0.00|0.00|
|C170|4|PROD002|COMPONENTE ELETRICO B|31.84|UN|1580.34|6102|00|1447.43|12.00|173.69|0.00|0.00|0.00|0.00|0.00|0.00|
|C170|5|PROD008|CONJUNTO MONTADO H|27.31|UN|19589.16|6102|70|0.00|12.00|0.00|0.00|0.00|0.00|0.00|0.00|0.00|
|C100|1|0|12345678000195|55|00|000000009|000|21032024|21032024|29098.36|0.00|0.00|0.00|0.00|0.00|0.00|0.00|0.00|0.00|0|33366699000100|
|C170|1|PROD008|CONJUNTO MONTADO H|24.71|UN|29098.36|5101|40|0.00|12.00|0.00|0.00|0.00|0.00|0.00|0.00|0.00|
|C100|1|0|12345678000195|55|00|000000010|000|10032024|11032024|15085.97|5269.74|632.37|0.00|0.00|0.00|0.00|0.00|0.00|0.00|0|55512312300010|
|C170|1|PROD006|EMBALAGEM PADRAO F|15.76|UN|185.44|5401|40|0.00|12.00|0.00|0.00|0.00|0.00|0.00|0.00|0.00|
|C170|2|PROD008|CONJUNTO MONTADO H|7.05|UN|9463.63|5401|41|0.00|12.00|0.00|0.00|0.00|0.00|0.00|0.00|0.00|
|C170|3|PROD001|PECA MECANICA TIPO A|26.93|UN|2529.07|5401|00|2526.59|12.00|303.19|0.00|0.00|0.00|0.00|0.00|0.00|
|C170|4|PROD001|PECA MECANICA TIPO A|45.51|UN|2907.83|5401|00|2743.15|12.00|329.18|0.00|0.00|0.00|0.00|0.00|0.00|
|C100|1|0|12345678000195|55|00|000000011|000|23032024|24032024|5072.62|1461.53|175.38|0.00|0.00|0.00|0.00|0.00|0.00|0.00|0|33366699000100|
|C170|1|PROD002|COMPONENTE ELETRICO B|36.59|UN|2820.05|6101|41|0.00|12.00|0.00|0.00|0.00|0.00|0.00|0.00|0.00|
|C170|2|PROD006|EMBALAGEM PADRAO F|17.86|UN|179.09|6101|90|161.69|12.00|19.40|0.00|0.00|0.00|0.00|0.00|0.00|
|C170|3|PROD005|INSUMO INDUSTRIAL E|44.77|UN|1468.42|6101|00|1299.84|12.00|155.98|0.00|0.00|0.00|0.00|0.00|0.00|
|C170|4|PROD002|COMPONENTE ELETRICO B|9.28|UN|605.06|6101|41|0.00|12.00|0.00|0.00|0.00|0.00|0.00|0.00|0.00|
|C100|1|0|12345678000195|55|00|000000012|000|08032024|09032024|41337.43|35990.64|4318.89|0.00|0.00|0.00|0.00|0.00|0.00|0.00|0|22244466000133|
|C170|1|PROD005|INSUMO INDUSTRIAL E|44.83|UN|1678.73|6101|41|0.00|12.00|0.00|0.00|0.00|0.00|0.00|0.00|0.00|
|C170|2|PROD001|PECA MECANICA TIPO A|12.05|UN|793.61|6101|20|734.96|12.00|88.20|0.00|0.00|0.00|0.00|0.00|0.00|
|C170|3|PROD003|MATERIAL BRUTO C|48.63|UN|13150.47|6101|00|11274.47|12.00|1352.94|0.00|0.00|0.00|0.00|0.00|0.00|
|C170|4|PROD004|PRODUTO ACABADO D|48.83|UN|25482.91|6101|00|23981.21|12.00|2877.75|0.00|0.00|0.00|0.00|0.00|0.00|
|C170|5|PROD006|EMBALAGEM PADRAO F|39.61|UN|231.71|6101|30|0.00|12.00|0.00|0.00|0.00|0.00|0.00|0.00|0.00|
|C100|1|0|12345678000195|55|00|000000013|000|27032024|28032024|1527.75|1446.35|173.56|0.00|0.00|0.00|0.00|0.00|0.00|0.00|0|77788899000177|
|C170|1|PROD001|PECA MECANICA TIPO A|25.08|UN|1527.75|5403|00|1446.35|12.00|173.56|0.00|0.00|0.00|0.00|0.00|0.00|
|C100|1|0|12345678000195|55|00|000000014|000|08032024|09032024|31587.88|0.00|0.00|0.00|0.00|0.00|0.00|0.00|0.00|0.00|0|99900011000155|
|C170|1|PROD008|CONJUNTO MONTADO H|25.16|UN|31587.88|6102|40|0.00|12.00|0.00|0.00|0.00|0.00|0.00|0.00|0.00|
|C100|1|0|12345678000195|55|00|000000015|000|18032024|20032024|9565.21|4058.10|486.97|0.00|0.00|0.00|0.00|0.00|0.00|0.00|0|33366699000100|
|C170|1|PROD002|COMPONENTE ELETRICO B|49.00|UN|4068.80|5403|90|4058.10|12.00|486.97|0.00|0.00|0.00|0.00|0.00|0.00|
|C170|2|PROD004|PRODUTO ACABADO D|7.94|UN|4585.11|5403|40|0.00|12.00|0.00|0.00|0.00|0.00|0.00|0.00|0.00|
|C170|3|PROD003|MATERIAL BRUTO C|1.83|UN|394.49|5403|40|0.00|12.00|0.00|0.00|0.00|0.00|0.00|0.00|0.00|
|C170|4|PROD002|COMPONENTE ELETRICO B|13.43|UN|516.81|5403|40|0.00|12.00|0.00|0.00|0.00|0.00|0.00|0.00|0.00|
|C100|1|0|12345678000195|55|00|000000016|000|05032024|06032024|63049.97|28973.33|3476.80|0.00|0.00|0.00|0.00|0.00|0.00|0.00|0|99900011000155|
|C170|1|PROD004|PRODUTO ACABADO D|31.28|UN|30549.26|5102|00|28973.33|12.00|3476.80|0.00|0.00|0.00|0.00|0.00|0.00|
|C170|2|PROD004|PRODUTO ACABADO D|45.11|UN|27801.01|5102|60|0.00|12.00|0.00|0.00|0.00|0.00|0.00|0.00|0.00|
|C170|3|PROD007|PARTE SOBRESSALENTE G|39.73|UN|4699.70|5102|41|0.00|12.00|0.00|0.00|0.00|0.00|0.00|0.00|0.00|
|C100|1|0|12345678000195|55|00|000000017|000|28032024|28032024|9445.06|8363.10|1003.57|0.00|0.00|0.00|0.00|0.00|0.00|0.00|0|55512312300010|
|C170|1|PROD003|MATERIAL BRUTO C|34.50|UN|9445.06|6101|00|8363.10|12.00|1003.57|0.00|0.00|0.00|0.00|0.00|0.00|
|C100|1|0|12345678000195|55|00|000000018|000|22032024|24032024|30643.65|26029.75|3123.57|0.00|0.00|0.00|0.00|0.00|0.00|0.00|0|22244466000133|
|C170|1|PROD008|CONJUNTO MONTADO H|33.34|UN|28466.69|5102|10|25910.21|12.00|3109.23|0.00|0.00|0.00|0.00|0.00|0.00|
|C170|2|PROD007|PARTE SOBRESSALENTE G|3.81|UN|543.77|5102|40|0.00|12.00|0.00|0.00|0.00|0.00|0.00|0.00|0.00|
|C170|3|PROD006|EMBALAGEM PADRAO F|12.23|UN|132.12|5102|20|119.54|12.00|14.34|0.00|0.00|0.00|0.00|0.00|0.00|
|C170|4|PROD003|MATERIAL BRUTO C|4.10|UN|1269.24|5102|41|0.00|12.00|0.00|0.00|0.00|0.00|0.00|0.00|0.00|
|C170|5|PROD001|PECA MECANICA TIPO A|3.21|UN|231.83|5102|40|0.00|12.00|0.00|0.00|0.00|0.00|0.00|0.00|0.00|
|C100|1|0|12345678000195|55|00|000000019|000|30032024|30032024|19404.36|0.00|0.00|0.00|0.00|0.00|0.00|0.00|0.00|0.00|0|77788899000177|
|C170|1|PROD004|PRODUTO ACABADO D|36.30|UN|19404.36|5401|40|0.00|12.00|0.00|0.00|0.00|0.00|0.00|0.00|0.00|
|C100|1|0|12345678000195|55|00|000000020|000|11032024|14032024|1034.64|1032.28|123.87|0.00|0.00|0.00|0.00|0.00|0.00|0.00|0|33366699000100|
|C170|1|PROD005|INSUMO INDUSTRIAL E|33.86|UN|1034.64|5401|10|1032.28|12.00|123.87|0.00|0.00|0.00|0.00|0.00|0.00|
|C100|1|0|12345678000195|55|00|000000021|000|11032024|14032024|11039.63|5953.08|714.37|0.00|0.00|0.00|0.00|0.00|0.00|0.00|0|99900011000155|
|C170|1|PROD003|MATERIAL BRUTO C|7.72|UN|1836.95|6101|20|1605.02|12.00|192.60|0.00|0.00|0.00|0.00|0.00|0.00|
|C170|2|PROD002|COMPONENTE ELETRICO B|1.73|UN|111.22|6101|40|0.00|12.00|0.00|0.00|0.00|0.00|0.00|0.00|0.00|
|C170|3|PROD004|PRODUTO ACABADO D|5.71|UN|4852.08|6101|00|4348.06|12.00|521.77|0.00|0.00|0.00|0.00|0.00|0.00|
|C170|4|PROD001|PECA MECANICA TIPO A|47.10|UN|4239.38|6101|41|0.00|12.00|0.00|0.00|0.00|0.00|0.00|0.00|0.00|
|C100|1|0|12345678000195|55|00|000000022|000|29032024|01042024|56381.71|9560.78|1147.29|0.00|0.00|0.00|0.00|0.00|0.00|0.00|0|22244466000133|
|C170|1|PROD005|INSUMO INDUSTRIAL E|4.63|UN|122.87|5403|60|0.00|12.00|0.00|0.00|0.00|0.00|0.00|0.00|0.00|
|C170|2|PROD004|PRODUTO ACABADO D|12.34|UN|10891.68|5403|90|9560.78|12.00|1147.29|0.00|0.00|0.00|0.00|0.00|0.00|
|C170|3|PROD001|PECA MECANICA TIPO A|22.45|UN|1734.87|5403|41|0.00|12.00|0.00|0.00|0.00|0.00|0.00|0.00|0.00|
|C170|4|PROD008|CONJUNTO MONTADO H|23.56|UN|22083.74|5403|40|0.00|12.00|0.00|0.00|0.00|0.00|0.00|0.00|0.00|
|C170|5|PROD004|PRODUTO ACABADO D|26.99|UN|21548.55|5403|40|0.00|12.00|0.00|0.00|0.00|0.00|0.00|0.00|0.00|
|C100|1|0|12345678000195|55|00|000000023|000|12032024|13032024|53677.89|46555.09|5586.61|0.00|0.00|0.00|0.00|0.00|0.00|0.00|0|22244466000133|
|C170|1|PROD008|CONJUNTO MONTADO H|45.10|UN|53620.82|6102|10|46504.97|12.00|5580.60|0.00|0.00|0.00|0.00|0.00|0.00|
|C170|2|PROD006|EMBALAGEM PADRAO F|5.49|UN|57.07|6102|10|50.12|12.00|6.01|0.00|0.00|0.00|0.00|0.00|0.00|
|C100|1|0|12345678000195|55|00|000000024|000|22032024|24032024|3654.00|3270.43|392.45|0.00|0.00|0.00|0.00|0.00|0.00|0.00|0|99900011000155|
|C170|1|PROD001|PECA MECANICA TIPO A|6.93|UN|380.22|5102|50|0.00|12.00|0.00|0.00|0.00|0.00|0.00|0.00|0.00|
|C170|2|PROD001|PECA MECANICA TIPO A|38.95|UN|3273.78|5102|10|3270.43|12.00|392.45|0.00|0.00|0.00|0.00|0.00|0.00|
|C100|1|0|12345678000195|55|00|000000025|000|21032024|24032024|24170.22|2981.97|357.84|0.00|0.00|0.00|0.00|0.00|0.00|0.00|0|99900011000155|
|C170|1|PROD001|PECA MECANICA TIPO A|23.75|UN|1696.39|5401|30|0.00|12.00|0.00|0.00|0.00|0.00|0.00|0.00|0.00|
|C170|2|PROD001|PECA MECANICA TIPO A|38.36|UN|3251.26|5401|00|2981.97|12.00|357.84|0.00|0.00|0.00|0.00|0.00|0.00|
|C170|3|PROD002|COMPONENTE ELETRICO B|23.06|UN|1084.14|5401|70|0.00|12.00|0.00|0.00|0.00|0.00|0.00|0.00|0.00|
|C170|4|PROD008|CONJUNTO MONTADO H|21.57|UN|18138.43|5401|60|0.00|12.00|0.00|0.00|0.00|0.00|0.00|0.00|0.00|
|C100|1|0|12345678000195|55|00|000000026|000|23032024|23032024|53368.01|14932.79|1791.93|0.00|0.00|0.00|0.00|0.00|0.00|0.00|0|22244466000133|
|C170|1|PROD001|PECA MECANICA TIPO A|35.25|UN|2923.18|5401|00|2808.79|12.00|337.05|0.00|0.00|0.00|0.00|0.00|0.00|
|C170|2|PROD004|PRODUTO ACABADO D|48.78|UN|37618.57|5401|40|0.00|12.00|0.00|0.00|0.00|0.00|0.00|0.00|0.00|
|C170|3|PROD003|MATERIAL BRUTO C|48.18|UN|12826.26|5401|00|12124.00|12.00|1454.88|0.00|0.00|0.00|0.00|0.00|0.00|
|C100|1|0|12345678000195|55|00|000000027|000|05032024|08032024|3392.99|1325.37|159.05|0.00|0.00|0.00|0.00|0.00|0.00|0.00|0|33366699000100|
|C170|1|PROD002|COMPONENTE ELETRICO B|36.23|UN|1444.21|5102|10|1262.57|12.00|151.51|0.00|0.00|0.00|0.00|0.00|0.00|
|C170|2|PROD006|EMBALAGEM PADRAO F|8.89|UN|70.17|5102|00|62.80|12.00|7.54|0.00|0.00|0.00|0.00|0.00|0.00|
|C170|3|PROD005|INSUMO INDUSTRIAL E|49.38|UN|1878.61|5102|40|0.00|12.00|0.00|0.00|0.00|0.00|0.00|0.00|0.00|
|C100|1|0|12345678000195|55|00|000000028|000|20032024|22032024|21043.41|17176.91|2061.23|0.00|0.00|0.00|0.00|0.00|0.00|0.00|0|99900011000155|
|C170|1|PROD003|MATERIAL BRUTO C|48.65|UN|15229.12|6101|51|15096.85|12.00|1811.62|0.00|0.00|0.00|0.00|0.00|0.00|
|C170|2|PROD003|MATERIAL BRUTO C|15.32|UN|3571.84|6101|40|0.00|12.00|0.00|0.00|0.00|0.00|0.00|0.00|0.00|
|C170|3|PROD006|EMBALAGEM PADRAO F|39.49|UN|416.26|6101|10|361.40|12.00|43.37|0.00|0.00|0.00|0.00|0.00|0.00|
|C170|4|PROD002|COMPONENTE ELETRICO B|28.90|UN|1826.19|6101|00|1718.66|12.00|206.24|0.00|0.00|0.00|0.00|0.00|0.00|
|C100|1|0|12345678000195|55|00|000000029|000|09032024|12032024|13134.08|11318.24|1358.19|0.00|0.00|0.00|0.00|0.00|0.00|0.00|0|33366699000100|
|C170|1|PROD005|INSUMO INDUSTRIAL E|21.09|UN|325.99|5401|41|0.00|12.00|0.00|0.00|0.00|0.00|0.00|0.00|0.00|
|C170|2|PROD003|MATERIAL BRUTO C|42.00|UN|12808.09|5401|00|11318.24|12.00|1358.19|0.00|0.00|0.00|0.00|0.00|0.00|
|C100|1|0|12345678000195|55|00|000000030|000|11032024|14032024|7122.46|5641.30|676.96|0.00|0.00|0.00|0.00|0.00|0.00|0.00|0|99900011000155|
|C170|1|PROD006|EMBALAGEM PADRAO F|32.48|UN|363.18|5102|40|0.00|12.00|0.00|0.00|0.00|0.00|0.00|0.00|0.00|
|C170|2|PROD006|EMBALAGEM PADRAO F|46.75|UN|266.50|5102|00|265.19|12.00|31.82|0.00|0.00|0.00|0.00|0.00|0.00|
|C170|3|PROD002|COMPONENTE ELETRICO B|49.89|UN|3582.46|5102|20|3077.98|12.00|369.36|0.00|0.00|0.00|0.00|0.00|0.00|
|C170|4|PROD005|INSUMO INDUSTRIAL E|9.49|UN|362.96|5102|41|0.00|12.00|0.00|0.00|0.00|0.00|0.00|0.00|0.00|
|C170|5|PROD007|PARTE SOBRESSALENTE G|24.47|UN|2547.36|5102|51|2298.13|12.00|275.78|0.00|0.00|0.00|0.00|0.00|0.00|
|C100|1|0|12345678000195|55|00|000000031|000|21032024|24032024|5999.89|3939.83|472.78|0.00|0.00|0.00|0.00|0.00|0.00|0.00|0|33366699000100|
|C170|1|PROD004|PRODUTO ACABADO D|7.16|UN|4418.23|5401|00|3939.83|12.00|472.78|0.00|0.00|0.00|0.00|0.00|0.00|
|C170|2|PROD005|INSUMO INDUSTRIAL E|22.21|UN|515.69|5401|60|0.00|12.00|0.00|0.00|0.00|0.00|0.00|0.00|0.00|
|C170|3|PROD007|PARTE SOBRESSALENTE G|8.27|UN|1065.97|5401|40|0.00|12.00|0.00|0.00|0.00|0.00|0.00|0.00|0.00|
|C100|1|0|12345678000195|55|00|000000032|000|05032024|07032024|6458.47|5829.62|699.56|0.00|0.00|0.00|0.00|0.00|0.00|0.00|0|55512312300010|
|C170|1|PROD007|PARTE SOBRESSALENTE G|43.33|UN|4621.48|5101|10|4175.21|12.00|501.03|0.00|0.00|0.00|0.00|0.00|0.00|
|C170|2|PROD002|COMPONENTE ELETRICO B|35.64|UN|1836.99|5101|10|1654.41|12.00|198.53|0.00|0.00|0.00|0.00|0.00|0.00|
|C100|1|0|12345678000195|55|00|000000033|000|31032024|31032024|6553.06|895.07|107.41|0.00|0.00|0.00|0.00|0.00|0.00|0.00|0|22244466000133|
|C170|1|PROD008|CONJUNTO MONTADO H|4.37|UN|5218.09|6101|40|0.00|12.00|0.00|0.00|0.00|0.00|0.00|0.00|0.00|
|C170|2|PROD001|PECA MECANICA TIPO A|10.27|UN|1013.45|6101|10|895.07|12.00|107.41|0.00|0.00|0.00|0.00|0.00|0.00|
|C170|3|PROD005|INSUMO INDUSTRIAL E|4.55|UN|183.09|6101|40|0.00|12.00|0.00|0.00|0.00|0.00|0.00|0.00|0.00|
|C170|4|PROD002|COMPONENTE ELETRICO B|3.35|UN|138.43|6101|60|0.00|12.00|0.00|0.00|0.00|0.00|0.00|0.00|0.00|
|C100|1|0|12345678000195|55|00|000000034|000|27032024|30032024|1433.81|1005.70|120.68|0.00|0.00|0.00|0.00|0.00|0.00|0.00|0|77788899000177|
|C170|1|PROD001|PECA MECANICA TIPO A|16.19|UN|1141.30|5102|00|1005.70|12.00|120.68|0.00|0.00|0.00|0.00|0.00|0.00|
|C170|2|PROD002|COMPONENTE ELETRICO B|6.28|UN|292.51|5102|40|0.00|12.00|0.00|0.00|0.00|0.00|0.00|0.00|0.00|
|C100|1|0|12345678000195|55|00|000000035|000|14032024|17032024|4742.01|0.00|0.00|0.00|0.00|0.00|0.00|0.00|0.00|0.00|0|99900011000155|
|C170|1|PROD001|PECA MECANICA TIPO A|39.78|UN|4742.01|6101|40|0.00|12.00|0.00|0.00|0.00|0.00|0.00|0.00|0.00|
|C100|1|0|12345678000195|55|00|000000036|000|19032024|21032024|40683.91|34191.74|4103.01|0.00|0.00|0.00|0.00|0.00|0.00|0.00|0|77788899000177|
|C170|1|PROD008|CONJUNTO MONTADO H|24.88|UN|32899.58|5403|00|29264.98|12.00|3511.80|0.00|0.00|0.00|0.00|0.00|0.00|
|C170|2|PROD002|COMPONENTE ELETRICO B|49.68|UN|2316.27|5403|50|0.00|12.00|0.00|0.00|0.00|0.00|0.00|0.00|0.00|
|C170|3|PROD007|PARTE SOBRESSALENTE G|3.86|UN|379.72|5403|41|0.00|12.00|0.00|0.00|0.00|0.00|0.00|0.00|0.00|
|C170|4|PROD001|PECA MECANICA TIPO A|41.90|UN|4873.51|5403|00|4738.32|12.00|568.60|0.00|0.00|0.00|0.00|0.00|0.00|
|C170|5|PROD006|EMBALAGEM PADRAO F|30.87|UN|214.83|5403|10|188.44|12.00|22.61|0.00|0.00|0.00|0.00|0.00|0.00|
|C100|1|0|12345678000195|55|00|000000037|000|24032024|25032024|30156.39|29452.88|3534.34|0.00|0.00|0.00|0.00|0.00|0.00|0.00|0|33366699000100|
|C170|1|PROD002|COMPONENTE ELETRICO B|31.56|UN|1352.53|5102|00|1176.93|12.00|141.23|0.00|0.00|0.00|0.00|0.00|0.00|
|C170|2|PROD008|CONJUNTO MONTADO H|20.66|UN|28803.86|5102|00|28275.95|12.00|3393.11|0.00|0.00|0.00|0.00|0.00|0.00|
|C100|1|0|12345678000195|55|00|000000038|000|01032024|02032024|23753.77|15749.73|1889.96|0.00|0.00|0.00|0.00|0.00|0.00|0.00|0|77788899000177|
|C170|1|PROD004|PRODUTO ACABADO D|7.02|UN|6545.66|5102|41|0.00|12.00|0.00|0.00|0.00|0.00|0.00|0.00|0.00|
|C170|2|PROD004|PRODUTO ACABADO D|18.89|UN|16846.40|5102|20|15398.12|12.00|1847.77|0.00|0.00|0.00|0.00|0.00|0.00|
|C170|3|PROD006|EMBALAGEM PADRAO F|39.02|UN|361.71|5102|10|351.61|12.00|42.19|0.00|0.00|0.00|0.00|0.00|0.00|
|C100|1|0|12345678000195|55|00|000000039|000|29032024|29032024|2927.85|1105.61|132.67|0.00|0.00|0.00|0.00|0.00|0.00|0.00|0|77788899000177|
|C170|1|PROD006|EMBALAGEM PADRAO F|45.27|UN|514.74|5102|40|0.00|12.00|0.00|0.00|0.00|0.00|0.00|0.00|0.00|
|C170|2|PROD002|COMPONENTE ELETRICO B|28.25|UN|1248.93|5102|20|1105.61|12.00|132.67|0.00|0.00|0.00|0.00|0.00|0.00|
|C170|3|PROD001|PECA MECANICA TIPO A|11.62|UN|1164.18|5102|70|0.00|12.00|0.00|0.00|0.00|0.00|0.00|0.00|0.00|
|C100|1|0|12345678000195|55|00|000000040|000|02032024|03032024|41870.11|1605.04|192.60|0.00|0.00|0.00|0.00|0.00|0.00|0.00|0|77788899000177|
|C170|1|PROD004|PRODUTO ACABADO D|40.66|UN|35892.56|6101|60|0.00|12.00|0.00|0.00|0.00|0.00|0.00|0.00|0.00|
|C170|2|PROD008|CONJUNTO MONTADO H|1.80|UN|1835.36|6101|00|1605.04|12.00|192.60|0.00|0.00|0.00|0.00|0.00|0.00|
|C170|3|PROD007|PARTE SOBRESSALENTE G|40.06|UN|4142.19|6101|60|0.00|12.00|0.00|0.00|0.00|0.00|0.00|0.00|0.00|
|C100|1|0|12345678000195|55|00|000000041|000|15032024|18032024|65066.73|59884.69|7186.16|0.00|0.00|0.00|0.00|0.00|0.00|0.00|0|55512312300010|
|C170|1|PROD004|PRODUTO ACABADO D|34.86|UN|22802.01|5401|00|19743.82|12.00|2369.26|0.00|0.00|0.00|0.00|0.00|0.00|
|C170|2|PROD007|PARTE SOBRESSALENTE G|39.55|UN|5064.26|5401|51|5007.79|12.00|600.93|0.00|0.00|0.00|0.00|0.00|0.00|
|C170|3|PROD001|PECA MECANICA TIPO A|3.45|UN|259.52|5401|30|0.00|12.00|0.00|0.00|0.00|0.00|0.00|0.00|0.00|
|C170|4|PROD008|CONJUNTO MONTADO H|27.30|UN|36706.13|5401|00|34931.23|12.00|4191.75|0.00|0.00|0.00|0.00|0.00|0.00|
|C170|5|PROD006|EMBALAGEM PADRAO F|31.82|UN|234.81|5401|51|201.85|12.00|24.22|0.00|0.00|0.00|0.00|0.00|0.00|
|C100|1|0|12345678000195|55|00|000000042|000|11032024|11032024|22947.70|6401.39|768.17|0.00|0.00|0.00|0.00|0.00|0.00|0.00|0|77788899000177|
|C170|1|PROD004|PRODUTO ACABADO D|13.48|UN|10022.05|6101|40|0.00|12.00|0.00|0.00|0.00|0.00|0.00|0.00|0.00|
|C170|2|PROD007|PARTE SOBRESSALENTE G|47.41|UN|5634.32|6101|40|0.00|12.00|0.00|0.00|0.00|0.00|0.00|0.00|0.00|
|C170|3|PROD003|MATERIAL BRUTO C|23.12|UN|7291.33|6101|00|6401.39|12.00|768.17|0.00|0.00|0.00|0.00|0.00|0.00|
|C100|1|0|12345678000195|55|00|000000043|000|03032024|03032024|779.64|0.00|0.00|0.00|0.00|0.00|0.00|0.00|0.00|0.00|0|77788899000177|
|C170|1|PROD005|INSUMO INDUSTRIAL E|48.34|UN|779.64|5101|40|0.00|12.00|0.00|0.00|0.00|0.00|0.00|0.00|0.00|
|C100|1|0|12345678000195|55|00|000000044|000|14032024|14032024|3067.77|2624.20|314.90|0.00|0.00|0.00|0.00|0.00|0.00|0.00|0|99900011000155|
|C170|1|PROD004|PRODUTO ACABADO D|3.42|UN|3067.77|6102|00|2624.20|12.00|314.90|0.00|0.00|0.00|0.00|0.00|0.00|
|C100|1|0|12345678000195|55|00|000000045|000|20032024|21032024|683.47|642.27|77.07|0.00|0.00|0.00|0.00|0.00|0.00|0.00|0|77788899000177|
|C170|1|PROD005|INSUMO INDUSTRIAL E|31.35|UN|683.47|5401|10|642.27|12.00|77.07|0.00|0.00|0.00|0.00|0.00|0.00|
|C100|1|0|12345678000195|55|00|000000046|000|16032024|16032024|6947.81|6097.00|731.64|0.00|0.00|0.00|0.00|0.00|0.00|0.00|0|55512312300010|
|C170|1|PROD002|COMPONENTE ELETRICO B|20.00|UN|880.13|5102|00|808.10|12.00|96.97|0.00|0.00|0.00|0.00|0.00|0.00|
|C170|2|PROD004|PRODUTO ACABADO D|9.01|UN|6067.68|5102|00|5288.90|12.00|634.67|0.00|0.00|0.00|0.00|0.00|0.00|
|C100|1|0|12345678000195|55|00|000000047|000|06032024|09032024|22327.58|13412.23|1609.47|0.00|0.00|0.00|0.00|0.00|0.00|0.00|0|22244466000133|
|C170|1|PROD006|EMBALAGEM PADRAO F|19.74|UN|231.19|6102|60|0.00|12.00|0.00|0.00|0.00|0.00|0.00|0.00|0.00|
|C170|2|PROD003|MATERIAL BRUTO C|37.26|UN|7460.97|6102|30|0.00|12.00|0.00|0.00|0.00|0.00|0.00|0.00|0.00|
|C170|3|PROD008|CONJUNTO MONTADO H|10.58|UN|14635.42|6102|00|13412.23|12.00|1609.47|0.00|0.00|0.00|0.00|0.00|0.00|
|C100|1|0|12345678000195|55|00|000000048|000|10032024|13032024|20544.21|5906.05|708.73|0.00|0.00|0.00|0.00|0.00|0.00|0.00|0|55512312300010|
|C170|1|PROD005|INSUMO INDUSTRIAL E|43.15|UN|1362.21|6101|10|1261.57|12.00|151.39|0.00|0.00|0.00|0.00|0.00|0.00|
|C170|2|PROD003|MATERIAL BRUTO C|18.12|UN|5287.31|6101|51|4644.48|12.00|557.34|0.00|0.00|0.00|0.00|0.00|0.00|
|C170|3|PROD003|MATERIAL BRUTO C|34.41|UN|9447.13|6101|40|0.00|12.00|0.00|0.00|0.00|0.00|0.00|0.00|0.00|
|C170|4|PROD001|PECA MECANICA TIPO A|45.28|UN|3523.63|6101|40|0.00|12.00|0.00|0.00|0.00|0.00|0.00|0.00|0.00|
|C170|5|PROD002|COMPONENTE ELETRICO B|11.25|UN|923.93|6101|40|0.00|12.00|0.00|0.00|0.00|0.00|0.00|0.00|0.00|
|C100|1|0|12345678000195|55|00|000000049|000|14032024|15032024|24313.62|13320.97|1598.52|0.00|0.00|0.00|0.00|0.00|0.00|0.00|0|33366699000100|
|C170|1|PROD004|PRODUTO ACABADO D|16.63|UN|9673.67|5401|60|0.00|12.00|0.00|0.00|0.00|0.00|0.00|0.00|0.00|
|C170|2|PROD004|PRODUTO ACABADO D|28.80|UN|14639.95|5401|00|13320.97|12.00|1598.52|0.00|0.00|0.00|0.00|0.00|0.00|
|C100|1|0|12345678000195|55|00|000000050|000|03032024|04032024|3902.51|1654.83|198.58|0.00|0.00|0.00|0.00|0.00|0.00|0.00|0|99900011000155|
|C170|1|PROD001|PECA MECANICA TIPO A|36.53|UN|2229.85|6101|40|0.00|12.00|0.00|0.00|0.00|0.00|0.00|0.00|0.00|
|C170|2|PROD003|MATERIAL BRUTO C|6.73|UN|1672.66|6101|51|1654.83|12.00|198.58|0.00|0.00|0.00|0.00|0.00|0.00|
|C100|1|0|12345678000195|55|00|000000051|000|07032024|07032024|38817.67|20140.15|2416.83|0.00|0.00|0.00|0.00|0.00|0.00|0.00|0|22244466000133|
|C170|1|PROD003|MATERIAL BRUTO C|23.70|UN|7300.31|5102|00|6652.71|12.00|798.33|0.00|0.00|0.00|0.00|0.00|0.00|
|C170|2|PROD007|PARTE SOBRESSALENTE G|41.51|UN|5720.49|5102|40|0.00|12.00|0.00|0.00|0.00|0.00|0.00|0.00|0.00|
|C170|3|PROD006|EMBALAGEM PADRAO F|47.74|UN|253.04|5102|10|227.81|12.00|27.34|0.00|0.00|0.00|0.00|0.00|0.00|
|C170|4|PROD004|PRODUTO ACABADO D|13.70|UN|10233.28|5102|40|0.00|12.00|0.00|0.00|0.00|0.00|0.00|0.00|0.00|
|C170|5|PROD004|PRODUTO ACABADO D|28.01|UN|15310.55|5102|00|13259.63|12.00|1591.16|0.00|0.00|0.00|0.00|0.00|0.00|
|C100|1|0|12345678000195|55|00|000000052|000|25032024|25032024|1932.27|0.00|0.00|0.00|0.00|0.00|0.00|0.00|0.00|0.00|0|99900011000155|
|C170|1|PROD005|INSUMO INDUSTRIAL E|42.92|UN|718.07|5101|40|0.00|12.00|0.00|0.00|0.00|0.00|0.00|0.00|0.00|
|C170|2|PROD007|PARTE SOBRESSALENTE G|9.66|UN|890.35|5101|70|0.00|12.00|0.00|0.00|0.00|0.00|0.00|0.00|0.00|
|C170|3|PROD002|COMPONENTE ELETRICO B|9.47|UN|323.85|5101|40|0.00|12.00|0.00|0.00|0.00|0.00|0.00|0.00|0.00|
|C100|1|0|12345678000195|55|00|000000053|000|22032024|22032024|4639.11|4231.07|507.73|0.00|0.00|0.00|0.00|0.00|0.00|0.00|0|99900011000155|
|C170|1|PROD005|INSUMO INDUSTRIAL E|27.25|UN|1138.36|6102|00|969.05|12.00|116.29|0.00|0.00|0.00|0.00|0.00|0.00|
|C170|2|PROD007|PARTE SOBRESSALENTE G|38.41|UN|3410.48|6102|10|3183.48|12.00|382.02|0.00|0.00|0.00|0.00|0.00|0.00|
|C170|3|PROD005|INSUMO INDUSTRIAL E|3.87|UN|90.27|6102|10|78.54|12.00|9.42|0.00|0.00|0.00|0.00|0.00|0.00|
|C100|1|0|12345678000195|55|00|000000054|000|02032024|05032024|158003.81|106139.11|12736.69|0.00|0.00|0.00|0.00|0.00|0.00|0.00|0|55512312300010|
|C170|1|PROD008|CONJUNTO MONTADO H|41.76|UN|44459.87|5102|41|0.00|12.00|0.00|0.00|0.00|0.00|0.00|0.00|0.00|
|C170|2|PROD008|CONJUNTO MONTADO H|48.03|UN|55062.18|5102|00|53990.25|12.00|6478.83|0.00|0.00|0.00|0.00|0.00|0.00|
|C170|3|PROD004|PRODUTO ACABADO D|37.70|UN|32873.79|5102|00|30089.43|12.00|3610.73|0.00|0.00|0.00|0.00|0.00|0.00|
|C170|4|PROD006|EMBALAGEM PADRAO F|7.34|UN|51.87|5102|00|48.84|12.00|5.86|0.00|0.00|0.00|0.00|0.00|0.00|
|C170|5|PROD004|PRODUTO ACABADO D|36.03|UN|25556.10|5102|00|22010.59|12.00|2641.27|0.00|0.00|0.00|0.00|0.00|0.00|
|C100|1|0|12345678000195|55|00|000000055|000|01032024|03032024|608.85|606.35|72.76|0.00|0.00|0.00|0.00|0.00|0.00|0.00|0|77788899000177|
|C170|1|PROD001|PECA MECANICA TIPO A|8.99|UN|608.85|6102|00|606.35|12.00|72.76|0.00|0.00|0.00|0.00|0.00|0.00|
|C100|1|0|12345678000195|55|00|000000056|000|24032024|27032024|13798.37|8102.47|972.30|0.00|0.00|0.00|0.00|0.00|0.00|0.00|0|33366699000100|
|C170|1|PROD007|PARTE SOBRESSALENTE G|8.52|UN|1199.59|6101|40|0.00|12.00|0.00|0.00|0.00|0.00|0.00|0.00|0.00|
|C170|2|PROD006|EMBALAGEM PADRAO F|30.11|UN|279.71|6101|40|0.00|12.00|0.00|0.00|0.00|0.00|0.00|0.00|0.00|
|C170|3|PROD001|PECA MECANICA TIPO A|26.82|UN|2564.05|6101|30|0.00|12.00|0.00|0.00|0.00|0.00|0.00|0.00|0.00|
|C170|4|PROD004|PRODUTO ACABADO D|10.76|UN|9177.10|6101|00|8102.47|12.00|972.30|0.00|0.00|0.00|0.00|0.00|0.00|
|C170|5|PROD005|INSUMO INDUSTRIAL E|22.17|UN|577.92|6101|40|0.00|12.00|0.00|0.00|0.00|0.00|0.00|0.00|0.00|
|C100|1|0|12345678000195|55|00|000000057|000|23032024|23032024|2385.16|2222.00|266.64|0.00|0.00|0.00|0.00|0.00|0.00|0.00|0|77788899000177|
|C170|1|PROD003|MATERIAL BRUTO C|10.64|UN|2385.16|5101|10|2222.00|12.00|266.64|0.00|0.00|0.00|0.00|0.00|0.00|
|C100|1|0|12345678000195|55|00|000000058|000|28032024|28032024|14968.55|12202.79|1464.33|0.00|0.00|0.00|0.00|0.00|0.00|0.00|0|77788899000177|
|C170|1|PROD006|EMBALAGEM PADRAO F|12.97|UN|112.96|5101|00|108.04|12.00|12.96|0.00|0.00|0.00|0.00|0.00|0.00|
|C170|2|PROD003|MATERIAL BRUTO C|46.83|UN|13251.77|5101|00|12094.75|12.00|1451.37|0.00|0.00|0.00|0.00|0.00|0.00|
|C170|3|PROD002|COMPONENTE ELETRICO B|40.71|UN|1603.82|5101|41|0.00|12.00|0.00|0.00|0.00|0.00|0.00|0.00|0.00|
|C100|1|0|12345678000195|55|00|000000059|000|02032024|02032024|50539.57|3199.43|383.93|0.00|0.00|0.00|0.00|0.00|0.00|0.00|0|99900011000155|
|C170|1|PROD005|INSUMO INDUSTRIAL E|46.74|UN|1783.79|5403|00|1664.94|12.00|199.79|0.00|0.00|0.00|0.00|0.00|0.00|
|C170|2|PROD004|PRODUTO ACABADO D|44.59|UN|41170.30|5403|30|0.00|12.00|0.00|0.00|0.00|0.00|0.00|0.00|0.00|
|C170|3|PROD007|PARTE SOBRESSALENTE G|44.76|UN|5990.46|5403|60|0.00|12.00|0.00|0.00|0.00|0.00|0.00|0.00|0.00|
|C170|4|PROD007|PARTE SOBRESSALENTE G|10.99|UN|1595.02|5403|20|1534.49|12.00|184.14|0.00|0.00|0.00|0.00|0.00|0.00|
|C100|1|0|12345678000195|55|00|000000060|000|11032024|11032024|55515.23|47119.00|5654.28|0.00|0.00|0.00|0.00|0.00|0.00|0.00|0|99900011000155|
|C170|1|PROD008|CONJUNTO MONTADO H|13.14|UN|14280.96|6102|90|12371.58|12.00|1484.59|0.00|0.00|0.00|0.00|0.00|0.00|
|C170|2|PROD007|PARTE SOBRESSALENTE G|48.68|UN|4634.23|6102|40|0.00|12.00|0.00|0.00|0.00|0.00|0.00|0.00|0.00|
|C170|3|PROD007|PARTE SOBRESSALENTE G|39.76|UN|3820.92|6102|00|3596.69|12.00|431.60|0.00|0.00|0.00|0.00|0.00|0.00|
|C170|4|PROD002|COMPONENTE ELETRICO B|5.86|UN|349.90|6102|30|0.00|12.00|0.00|0.00|0.00|0.00|0.00|0.00|0.00|
|C170|5|PROD004|PRODUTO ACABADO D|48.57|UN|32429.22|6102|00|31150.73|12.00|3738.09|0.00|0.00|0.00|0.00|0.00|0.00|
|C100|1|0|12345678000195|55|00|000000061|000|17032024|20032024|33065.56|28321.22|3398.55|0.00|0.00|0.00|0.00|0.00|0.00|0.00|0|55512312300010|
|C170|1|PROD004|PRODUTO ACABADO D|44.89|UN|33065.56|5401|00|28321.22|12.00|3398.55|0.00|0.00|0.00|0.00|0.00|0.00|
|C100|1|0|12345678000195|55|00|000000062|000|27032024|28032024|6308.63|0.00|0.00|0.00|0.00|0.00|0.00|0.00|0.00|0.00|0|33366699000100|
|C170|1|PROD005|INSUMO INDUSTRIAL E|7.24|UN|227.32|5101|70|0.00|12.00|0.00|0.00|0.00|0.00|0.00|0.00|0.00|
|C170|2|PROD007|PARTE SOBRESSALENTE G|6.72|UN|1031.56|5101|40|0.00|12.00|0.00|0.00|0.00|0.00|0.00|0.00|0.00|
|C170|3|PROD007|PARTE SOBRESSALENTE G|18.27|UN|2328.24|5101|40|0.00|12.00|0.00|0.00|0.00|0.00|0.00|0.00|0.00|
|C170|4|PROD002|COMPONENTE ELETRICO B|27.13|UN|1182.28|5101|40|0.00|12.00|0.00|0.00|0.00|0.00|0.00|0.00|0.00|
|C170|5|PROD001|PECA MECANICA TIPO A|18.15|UN|1539.23|5101|40|0.00|12.00|0.00|0.00|0.00|0.00|0.00|0.00|0.00|
|C100|1|0|12345678000195|55|00|000000063|000|23032024|24032024|35423.22|33731.76|4047.81|0.00|0.00|0.00|0.00|0.00|0.00|0.00|0|55512312300010|
|C170|1|PROD004|PRODUTO ACABADO D|38.42|UN|30491.31|6102|10|29711.19|12.00|3565.34|0.00|0.00|0.00|0.00|0.00|0.00|
|C170|2|PROD006|EMBALAGEM PADRAO F|7.78|UN|63.33|6102|10|58.65|12.00|7.04|0.00|0.00|0.00|0.00|0.00|0.00|
|C170|3|PROD007|PARTE SOBRESSALENTE G|28.71|UN|4484.21|6102|10|3961.92|12.00|475.43|0.00|0.00|0.00|0.00|0.00|0.00|
|C170|4|PROD005|INSUMO INDUSTRIAL E|14.37|UN|384.37|6102|40|0.00|12.00|0.00|0.00|0.00|0.00|0.00|0.00|0.00|
|C100|1|0|12345678000195|55|00|000000064|000|24032024|26032024|25205.67|15034.08|1804.09|0.00|0.00|0.00|0.00|0.00|0.00|0.00|0|22244466000133|
|C170|1|PROD007|PARTE SOBRESSALENTE G|21.19|UN|2695.54|5102|90|2316.65|12.00|278.00|0.00|0.00|0.00|0.00|0.00|0.00|
|C170|2|PROD001|PECA MECANICA TIPO A|22.46|UN|2095.37|5102|20|1957.84|12.00|234.94|0.00|0.00|0.00|0.00|0.00|0.00|
|C170|3|PROD003|MATERIAL BRUTO C|28.11|UN|8131.65|5102|10|7740.98|12.00|928.92|0.00|0.00|0.00|0.00|0.00|0.00|
|C170|4|PROD004|PRODUTO ACABADO D|13.49|UN|9024.53|5102|40|0.00|12.00|0.00|0.00|0.00|0.00|0.00|0.00|0.00|
|C170|5|PROD007|PARTE SOBRESSALENTE G|28.98|UN|3258.58|5102|00|3018.61|12.00|362.23|0.00|0.00|0.00|0.00|0.00|0.00|
|C100|1|0|12345678000195|55|00|000000065|000|26032024|28032024|48653.24|24981.13|2997.74|0.00|0.00|0.00|0.00|0.00|0.00|0.00|0|99900011000155|
|C170|1|PROD004|PRODUTO ACABADO D|17.82|UN|12323.49|5101|40|0.00|12.00|0.00|0.00|0.00|0.00|0.00|0.00|0.00|
|C170|2|PROD003|MATERIAL BRUTO C|40.61|UN|8773.22|5101|10|8478.97|12.00|1017.48|0.00|0.00|0.00|0.00|0.00|0.00|
|C170|3|PROD004|PRODUTO ACABADO D|27.15|UN|17032.72|5101|10|16502.16|12.00|1980.26|0.00|0.00|0.00|0.00|0.00|0.00|
|C170|4|PROD008|CONJUNTO MONTADO H|9.17|UN|10523.81|5101|50|0.00|12.00|0.00|0.00|0.00|0.00|0.00|0.00|0.00|
|C100|1|0|12345678000195|55|00|000000066|000|11032024|12032024|432.89|386.78|46.41|0.00|0.00|0.00|0.00|0.00|0.00|0.00|0|55512312300010|
|C170|1|PROD002|COMPONENTE ELETRICO B|7.84|UN|432.89|5101|10|386.78|12.00|46.41|0.00|0.00|0.00|0.00|0.00|0.00|
|C100|1|0|12345678000195|55|00|000000067|000|29032024|29032024|11461.80|9795.56|1175.48|0.00|0.00|0.00|0.00|0.00|0.00|0.00|0|99900011000155|
|C170|1|PROD002|COMPONENTE ELETRICO B|1.03|UN|80.36|5101|40|0.00|12.00|0.00|0.00|0.00|0.00|0.00|0.00|0.00|
|C170|2|PROD005|INSUMO INDUSTRIAL E|10.31|UN|339.85|5101|00|313.47|12.00|37.62|0.00|0.00|0.00|0.00|0.00|0.00|
|C170|3|PROD003|MATERIAL BRUTO C|33.67|UN|9465.93|5101|00|8890.88|12.00|1066.91|0.00|0.00|0.00|0.00|0.00|0.00|
|C170|4|PROD005|INSUMO INDUSTRIAL E|24.21|UN|907.99|5101|40|0.00|12.00|0.00|0.00|0.00|0.00|0.00|0.00|0.00|
|C170|5|PROD007|PARTE SOBRESSALENTE G|6.19|UN|667.67|5101|90|591.21|12.00|70.95|0.00|0.00|0.00|0.00|0.00|0.00|
|C100|1|0|12345678000195|55|00|000000068|000|30032024|02042024|1115.34|0.00|0.00|0.00|0.00|0.00|0.00|0.00|0.00|0.00|0|77788899000177|
|C170|1|PROD001|PECA MECANICA TIPO A|11.43|UN|1115.34|5401|40|0.00|12.00|0.00|0.00|0.00|0.00|0.00|0.00|0.00|
|C100|1|0|12345678000195|55|00|000000069|000|04032024|06032024|33497.53|29977.78|3597.33|0.00|0.00|0.00|0.00|0.00|0.00|0.00|0|22244466000133|
|C170|1|PROD001|PECA MECANICA TIPO A|18.51|UN|1305.05|6102|40|0.00|12.00|0.00|0.00|0.00|0.00|0.00|0.00|0.00|
|C170|2|PROD008|CONJUNTO MONTADO H|38.59|UN|32192.48|6102|20|29977.78|12.00|3597.33|0.00|0.00|0.00|0.00|0.00|0.00|
|C100|1|0|12345678000195|55|00|000000070|000|14032024|17032024|844.96|733.21|87.99|0.00|0.00|0.00|0.00|0.00|0.00|0.00|0|33366699000100|
|C170|1|PROD005|INSUMO INDUSTRIAL E|24.51|UN|844.96|6101|00|733.21|12.00|87.99|0.00|0.00|0.00|0.00|0.00|0.00|
|C100|1|0|12345678000195|55|00|000000071|000|06032024|09032024|2051.82|1955.77|234.69|0.00|0.00|0.00|0.00|0.00|0.00|0.00|0|22244466000133|
|C170|1|PROD001|PECA MECANICA TIPO A|31.92|UN|2051.82|6102|10|1955.77|12.00|234.69|0.00|0.00|0.00|0.00|0.00|0.00|
|C100|1|0|12345678000195|55|00|000000072|000|08032024|10032024|53448.08|48830.18|5859.62|0.00|0.00|0.00|0.00|0.00|0.00|0.00|0|55512312300010|
|C170|1|PROD008|CONJUNTO MONTADO H|46.97|UN|45812.62|5401|00|41297.40|12.00|4955.69|0.00|0.00|0.00|0.00|0.00|0.00|
|C170|2|PROD003|MATERIAL BRUTO C|21.68|UN|7268.93|5401|20|7177.94|12.00|861.35|0.00|0.00|0.00|0.00|0.00|0.00|
|C170|3|PROD005|INSUMO INDUSTRIAL E|9.08|UN|366.53|5401|10|354.84|12.00|42.58|0.00|0.00|0.00|0.00|0.00|0.00|
|C100|1|0|12345678000195|55|00|000000073|000|04032024|06032024|46531.81|42855.99|5142.73|0.00|0.00|0.00|0.00|0.00|0.00|0.00|0|77788899000177|
|C170|1|PROD005|INSUMO INDUSTRIAL E|10.03|UN|381.97|5401|00|325.13|12.00|39.02|0.00|0.00|0.00|0.00|0.00|0.00|
|C170|2|PROD007|PARTE SOBRESSALENTE G|12.56|UN|1941.15|5401|40|0.00|12.00|0.00|0.00|0.00|0.00|0.00|0.00|0.00|
|C170|3|PROD002|COMPONENTE ELETRICO B|15.45|UN|1137.43|5401|00|1019.25|12.00|122.31|0.00|0.00|0.00|0.00|0.00|0.00|
|C170|4|PROD008|CONJUNTO MONTADO H|45.14|UN|41188.42|5401|00|39862.98|12.00|4783.56|0.00|0.00|0.00|0.00|0.00|0.00|
|C170|5|PROD007|PARTE SOBRESSALENTE G|19.25|UN|1882.84|5401|20|1648.63|12.00|197.84|0.00|0.00|0.00|0.00|0.00|0.00|
|C100|1|0|12345678000195|55|00|000000074|000|18032024|19032024|2834.91|2557.53|306.90|0.00|0.00|0.00|0.00|0.00|0.00|0.00|0|77788899000177|
|C170|1|PROD004|PRODUTO ACABADO D|5.01|UN|2834.91|5401|10|2557.53|12.00|306.90|0.00|0.00|0.00|0.00|0.00|0.00|
|C100|1|0|12345678000195|55|00|000000075|000|06032024|06032024|45128.01|42948.27|5153.79|0.00|0.00|0.00|0.00|0.00|0.00|0.00|0|55512312300010|
|C170|1|PROD004|PRODUTO ACABADO D|47.38|UN|44851.33|5101|00|42948.27|12.00|5153.79|0.00|0.00|0.00|0.00|0.00|0.00|
|C170|2|PROD006|EMBALAGEM PADRAO F|24.14|UN|276.68|5101|40|0.00|12.00|0.00|0.00|0.00|0.00|0.00|0.00|0.00|
|C100|1|0|12345678000195|55|00|000000076|000|16032024|17032024|2054.61|1030.31|123.64|0.00|0.00|0.00|0.00|0.00|0.00|0.00|0|22244466000133|
|C170|1|PROD005|INSUMO INDUSTRIAL E|17.98|UN|425.56|5403|40|0.00|12.00|0.00|0.00|0.00|0.00|0.00|0.00|0.00|
|C170|2|PROD005|INSUMO INDUSTRIAL E|28.15|UN|552.36|5403|40|0.00|12.00|0.00|0.00|0.00|0.00|0.00|0.00|0.00|
|C170|3|PROD002|COMPONENTE ELETRICO B|15.96|UN|1076.69|5403|10|1030.31|12.00|123.64|0.00|0.00|0.00|0.00|0.00|0.00|
|C100|1|0|12345678000195|55|00|000000077|000|04032024|07032024|16243.95|5583.65|670.04|0.00|0.00|0.00|0.00|0.00|0.00|0.00|0|33366699000100|
|C170|1|PROD003|MATERIAL BRUTO C|3.56|UN|1166.46|5101|00|1045.47|12.00|125.46|0.00|0.00|0.00|0.00|0.00|0.00|
|C170|2|PROD003|MATERIAL BRUTO C|5.54|UN|1481.85|5101|10|1364.40|12.00|163.73|0.00|0.00|0.00|0.00|0.00|0.00|
|C170|3|PROD001|PECA MECANICA TIPO A|38.47|UN|3643.11|5101|10|3173.78|12.00|380.85|0.00|0.00|0.00|0.00|0.00|0.00|
|C170|4|PROD001|PECA MECANICA TIPO A|22.48|UN|1956.21|5101|40|0.00|12.00|0.00|0.00|0.00|0.00|0.00|0.00|0.00|
|C170|5|PROD003|MATERIAL BRUTO C|36.88|UN|7996.32|5101|41|0.00|12.00|0.00|0.00|0.00|0.00|0.00|0.00|0.00|
|C100|1|0|12345678000195|55|00|000000078|000|04032024|06032024|4034.98|0.00|0.00|0.00|0.00|0.00|0.00|0.00|0.00|0.00|0|22244466000133|
|C170|1|PROD006|EMBALAGEM PADRAO F|13.74|UN|150.16|6101|40|0.00|12.00|0.00|0.00|0.00|0.00|0.00|0.00|0.00|
|C170|2|PROD008|CONJUNTO MONTADO H|2.80|UN|2410.04|6101|30|0.00|12.00|0.00|0.00|0.00|0.00|0.00|0.00|0.00|
|C170|3|PROD004|PRODUTO ACABADO D|2.48|UN|1474.78|6101|30|0.00|12.00|0.00|0.00|0.00|0.00|0.00|0.00|0.00|
|C100|1|0|12345678000195|55|00|000000079|000|03032024|03032024|4072.58|3512.41|421.49|0.00|0.00|0.00|0.00|0.00|0.00|0.00|0|22244466000133|
|C170|1|PROD002|COMPONENTE ELETRICO B|46.00|UN|3860.66|6102|20|3303.24|12.00|396.39|0.00|0.00|0.00|0.00|0.00|0.00|
|C170|2|PROD006|EMBALAGEM PADRAO F|24.25|UN|211.92|6102|00|209.17|12.00|25.10|0.00|0.00|0.00|0.00|0.00|0.00|
|C100|1|0|12345678000195|55|00|000000080|000|12032024|13032024|24343.22|3615.45|433.86|0.00|0.00|0.00|0.00|0.00|0.00|0.00|0|55512312300010|
|C170|1|PROD004|PRODUTO ACABADO D|4.07|UN|2387.90|5403|20|2139.22|12.00|256.71|0.00|0.00|0.00|0.00|0.00|0.00|
|C170|2|PROD001|PECA MECANICA TIPO A|17.01|UN|1637.29|5403|60|0.00|12.00|0.00|0.00|0.00|0.00|0.00|0.00|0.00|
|C170|3|PROD007|PARTE SOBRESSALENTE G|36.72|UN|4355.12|5403|50|0.00|12.00|0.00|0.00|0.00|0.00|0.00|0.00|0.00|
|C170|4|PROD004|PRODUTO ACABADO D|26.08|UN|14311.43|5403|40|0.00|12.00|0.00|0.00|0.00|0.00|0.00|0.00|0.00|
|C170|5|PROD003|MATERIAL BRUTO C|6.26|UN|1651.48|5403|20|1476.23|12.00|177.15|0.00|0.00|0.00|0.00|0.00|0.00|
|C100|1|0|12345678000195|55|00|000000081|000|16032024|16032024|36983.59|16848.24|2021.79|0.00|0.00|0.00|0.00|0.00|0.00|0.00|0|22244466000133|
|C170|1|PROD004|PRODUTO ACABADO D|29.85|UN|15862.92|6102|10|13982.93|12.00|1677.95|0.00|0.00|0.00|0.00|0.00|0.00|
|C170|2|PROD004|PRODUTO ACABADO D|20.41|UN|15959.91|6102|40|0.00|12.00|0.00|0.00|0.00|0.00|0.00|0.00|0.00|
|C170|3|PROD002|COMPONENTE ELETRICO B|44.54|UN|2877.54|6102|20|2865.31|12.00|343.84|0.00|0.00|0.00|0.00|0.00|0.00|
|C170|4|PROD007|PARTE SOBRESSALENTE G|17.73|UN|2283.22|6102|40|0.00|12.00|0.00|0.00|0.00|0.00|0.00|0.00|0.00|
|C100|1|0|12345678000195|55|00|000000082|000|23032024|23032024|786.82|0.00|0.00|0.00|0.00|0.00|0.00|0.00|0.00|0.00|0|55512312300010|
|C170|1|PROD005|INSUMO INDUSTRIAL E|28.15|UN|786.82|5101|40|0.00|12.00|0.00|0.00|0.00|0.00|0.00|0.00|0.00|
|C100|1|0|12345678000195|55|00|000000083|000|29032024|30032024|2202.21|65.33|7.84|0.00|0.00|0.00|0.00|0.00|0.00|0.00|0|99900011000155|
|C170|1|PROD002|COMPONENTE ELETRICO B|21.07|UN|1237.02|6102|60|0.00|12.00|0.00|0.00|0.00|0.00|0.00|0.00|0.00|
|C170|2|PROD006|EMBALAGEM PADRAO F|9.34|UN|65.94|6102|00|65.33|12.00|7.84|0.00|0.00|0.00|0.00|0.00|0.00|
|C170|3|PROD005|INSUMO INDUSTRIAL E|39.05|UN|899.25|6102|41|0.00|12.00|0.00|0.00|0.00|0.00|0.00|0.00|0.00|
|C100|1|0|12345678000195|55|00|000000084|000|24032024|27032024|87058.21|78674.66|9440.96|0.00|0.00|0.00|0.00|0.00|0.00|0.00|0|99900011000155|
|C170|1|PROD004|PRODUTO ACABADO D|41.37|UN|38354.95|6101|10|36686.39|12.00|4402.37|0.00|0.00|0.00|0.00|0.00|0.00|
|C170|2|PROD005|INSUMO INDUSTRIAL E|18.08|UN|524.99|6101|70|0.00|12.00|0.00|0.00|0.00|0.00|0.00|0.00|0.00|
|C170|3|PROD008|CONJUNTO MONTADO H|37.35|UN|48178.27|6101|00|41988.27|12.00|5038.59|0.00|0.00|0.00|0.00|0.00|0.00|
|C100|1|0|12345678000195|55|00|000000085|000|24032024|27032024|59390.79|45298.79|5435.85|0.00|0.00|0.00|0.00|0.00|0.00|0.00|0|22244466000133|
|C170|1|PROD005|INSUMO INDUSTRIAL E|15.66|UN|463.47|6102|40|0.00|12.00|0.00|0.00|0.00|0.00|0.00|0.00|0.00|
|C170|2|PROD008|CONJUNTO MONTADO H|45.46|UN|46198.97|6102|00|39368.84|12.00|4724.26|0.00|0.00|0.00|0.00|0.00|0.00|
|C170|3|PROD007|PARTE SOBRESSALENTE G|17.08|UN|2159.77|6102|00|2148.59|12.00|257.83|0.00|0.00|0.00|0.00|0.00|0.00|
|C170|4|PROD007|PARTE SOBRESSALENTE G|46.35|UN|6714.29|6102|41|0.00|12.00|0.00|0.00|0.00|0.00|0.00|0.00|0.00|
|C170|5|PROD007|PARTE SOBRESSALENTE G|39.95|UN|3854.29|6102|20|3781.36|12.00|453.76|0.00|0.00|0.00|0.00|0.00|0.00|
|C100|1|0|12345678000195|55|00|000000086|000|13032024|13032024|343.22|219.11|26.29|0.00|0.00|0.00|0.00|0.00|0.00|0.00|0|99900011000155|
|C170|1|PROD006|EMBALAGEM PADRAO F|11.29|UN|96.16|5101|41|0.00|12.00|0.00|0.00|0.00|0.00|0.00|0.00|0.00|
|C170|2|PROD006|EMBALAGEM PADRAO F|42.60|UN|247.06|5101|00|219.11|12.00|26.29|0.00|0.00|0.00|0.00|0.00|0.00|
|C100|1|0|12345678000195|55|00|000000087|000|27032024|27032024|40933.24|3076.10|369.13|0.00|0.00|0.00|0.00|0.00|0.00|0.00|0|22244466000133|
|C170|1|PROD005|INSUMO INDUSTRIAL E|39.95|UN|1307.60|5401|51|1276.95|12.00|153.23|0.00|0.00|0.00|0.00|0.00|0.00|
|C170|2|PROD008|CONJUNTO MONTADO H|29.07|UN|37562.80|5401|50|0.00|12.00|0.00|0.00|0.00|0.00|0.00|0.00|0.00|
|C170|3|PROD001|PECA MECANICA TIPO A|22.82|UN|2062.84|5401|10|1799.15|12.00|215.90|0.00|0.00|0.00|0.00|0.00|0.00|
|C100|1|0|12345678000195|55|00|000000088|000|30032024|02042024|5711.37|5481.42|657.77|0.00|0.00|0.00|0.00|0.00|0.00|0.00|0|22244466000133|
|C170|1|PROD002|COMPONENTE ELETRICO B|5.38|UN|406.88|6101|10|376.64|12.00|45.20|0.00|0.00|0.00|0.00|0.00|0.00|
|C170|2|PROD007|PARTE SOBRESSALENTE G|37.79|UN|5304.49|6101|20|5104.78|12.00|612.57|0.00|0.00|0.00|0.00|0.00|0.00|
|C100|1|0|12345678000195|55|00|000000089|000|07032024|08032024|4257.23|2522.95|302.76|0.00|0.00|0.00|0.00|0.00|0.00|0.00|0|33366699000100|
|C170|1|PROD001|PECA MECANICA TIPO A|29.64|UN|1503.64|6102|70|0.00|12.00|0.00|0.00|0.00|0.00|0.00|0.00|0.00|
|C170|2|PROD006|EMBALAGEM PADRAO F|27.10|UN|297.28|6102|90|266.39|12.00|31.97|0.00|0.00|0.00|0.00|0.00|0.00|
|C170|3|PROD001|PECA MECANICA TIPO A|32.67|UN|2354.20|6102|00|2256.56|12.00|270.79|0.00|0.00|0.00|0.00|0.00|0.00|
|C170|4|PROD002|COMPONENTE ELETRICO B|3.07|UN|102.11|6102|30|0.00|12.00|0.00|0.00|0.00|0.00|0.00|0.00|0.00|
|C100|1|0|12345678000195|55|00|000000090|000|26032024|26032024|1902.93|1821.48|218.58|0.00|0.00|0.00|0.00|0.00|0.00|0.00|0|99900011000155|
|C170|1|PROD001|PECA MECANICA TIPO A|17.06|UN|1902.93|6101|00|1821.48|12.00|218.58|0.00|0.00|0.00|0.00|0.00|0.00|
|C100|1|0|12345678000195|55|00|000000091|000|13032024|13032024|140868.14|16327.77|1959.33|0.00|0.00|0.00|0.00|0.00|0.00|0.00|0|77788899000177|
|C170|1|PROD004|PRODUTO ACABADO D|34.82|UN|25928.36|5401|40|0.00|12.00|0.00|0.00|0.00|0.00|0.00|0.00|0.00|
|C170|2|PROD004|PRODUTO ACABADO D|28.85|UN|17318.34|5401|00|16327.77|12.00|1959.33|0.00|0.00|0.00|0.00|0.00|0.00|
|C170|3|PROD004|PRODUTO ACABADO D|35.51|UN|28436.50|5401|30|0.00|12.00|0.00|0.00|0.00|0.00|0.00|0.00|0.00|
|C170|4|PROD008|CONJUNTO MONTADO H|48.80|UN|67514.15|5401|50|0.00|12.00|0.00|0.00|0.00|0.00|0.00|0.00|0.00|
|C170|5|PROD001|PECA MECANICA TIPO A|22.08|UN|1670.79|5401|70|0.00|12.00|0.00|0.00|0.00|0.00|0.00|0.00|0.00|
|C100|1|0|12345678000195|55|00|000000092|000|22032024|23032024|3091.07|2902.60|348.31|0.00|0.00|0.00|0.00|0.00|0.00|0.00|0|22244466000133|
|C170|1|PROD007|PARTE SOBRESSALENTE G|24.88|UN|2360.37|5101|10|2316.90|12.00|278.03|0.00|0.00|0.00|0.00|0.00|0.00|
|C170|2|PROD007|PARTE SOBRESSALENTE G|5.96|UN|615.34|5101|10|585.70|12.00|70.28|0.00|0.00|0.00|0.00|0.00|0.00|
|C170|3|PROD002|COMPONENTE ELETRICO B|3.09|UN|115.36|5101|30|0.00|12.00|0.00|0.00|0.00|0.00|0.00|0.00|0.00|
|C100|1|0|12345678000195|55|00|000000093|000|16032024|19032024|9718.92|2294.48|275.34|0.00|0.00|0.00|0.00|0.00|0.00|0.00|0|77788899000177|
|C170|1|PROD001|PECA MECANICA TIPO A|32.86|UN|2585.60|5102|10|2294.48|12.00|275.34|0.00|0.00|0.00|0.00|0.00|0.00|
|C170|2|PROD002|COMPONENTE ELETRICO B|9.68|UN|334.05|5102|50|0.00|12.00|0.00|0.00|0.00|0.00|0.00|0.00|0.00|
|C170|3|PROD005|INSUMO INDUSTRIAL E|13.56|UN|502.72|5102|40|0.00|12.00|0.00|0.00|0.00|0.00|0.00|0.00|0.00|
|C170|4|PROD008|CONJUNTO MONTADO H|4.75|UN|6296.55|5102|40|0.00|12.00|0.00|0.00|0.00|0.00|0.00|0.00|0.00|
|C100|1|0|12345678000195|55|00|000000094|000|31032024|02042024|8204.61|299.14|35.90|0.00|0.00|0.00|0.00|0.00|0.00|0.00|0|22244466000133|
|C170|1|PROD003|MATERIAL BRUTO C|32.11|UN|7864.04|6102|50|0.00|12.00|0.00|0.00|0.00|0.00|0.00|0.00|0.00|
|C170|2|PROD007|PARTE SOBRESSALENTE G|3.10|UN|340.57|6102|00|299.14|12.00|35.90|0.00|0.00|0.00|0.00|0.00|0.00|
|C100|1|0|12345678000195|55|00|000000095|000|18032024|18032024|57739.89|0.00|0.00|0.00|0.00|0.00|0.00|0.00|0.00|0.00|0|99900011000155|
|C170|1|PROD008|CONJUNTO MONTADO H|21.69|UN|29356.93|5102|30|0.00|12.00|0.00|0.00|0.00|0.00|0.00|0.00|0.00|
|C170|2|PROD001|PECA MECANICA TIPO A|6.02|UN|568.05|5102|40|0.00|12.00|0.00|0.00|0.00|0.00|0.00|0.00|0.00|
|C170|3|PROD002|COMPONENTE ELETRICO B|23.21|UN|1371.54|5102|40|0.00|12.00|0.00|0.00|0.00|0.00|0.00|0.00|0.00|
|C170|4|PROD004|PRODUTO ACABADO D|30.01|UN|26443.37|5102|60|0.00|12.00|0.00|0.00|0.00|0.00|0.00|0.00|0.00|
|C100|1|0|12345678000195|55|00|000000096|000|14032024|14032024|36889.14|0.00|0.00|0.00|0.00|0.00|0.00|0.00|0.00|0.00|0|99900011000155|
|C170|1|PROD004|PRODUTO ACABADO D|30.73|UN|29605.75|5403|60|0.00|12.00|0.00|0.00|0.00|0.00|0.00|0.00|0.00|
|C170|2|PROD006|EMBALAGEM PADRAO F|28.91|UN|179.56|5403|30|0.00|12.00|0.00|0.00|0.00|0.00|0.00|0.00|0.00|
|C170|3|PROD007|PARTE SOBRESSALENTE G|43.05|UN|6676.50|5403|30|0.00|12.00|0.00|0.00|0.00|0.00|0.00|0.00|0.00|
|C170|4|PROD006|EMBALAGEM PADRAO F|38.50|UN|427.33|5403|41|0.00|12.00|0.00|0.00|0.00|0.00|0.00|0.00|0.00|
|C100|1|0|12345678000195|55|00|000000097|000|04032024|05032024|32277.53|14483.04|1737.96|0.00|0.00|0.00|0.00|0.00|0.00|0.00|0|33366699000100|
|C170|1|PROD006|EMBALAGEM PADRAO F|10.63|UN|100.89|5401|20|94.12|12.00|11.29|0.00|0.00|0.00|0.00|0.00|0.00|
|C170|2|PROD004|PRODUTO ACABADO D|28.44|UN|15854.47|5401|00|14388.92|12.00|1726.67|0.00|0.00|0.00|0.00|0.00|0.00|
|C170|3|PROD007|PARTE SOBRESSALENTE G|41.77|UN|4247.48|5401|40|0.00|12.00|0.00|0.00|0.00|0.00|0.00|0.00|0.00|
|C170|4|PROD001|PECA MECANICA TIPO A|41.62|UN|2672.90|5401|70|0.00|12.00|0.00|0.00|0.00|0.00|0.00|0.00|0.00|
|C170|5|PROD003|MATERIAL BRUTO C|29.94|UN|9401.79|5401|60|0.00|12.00|0.00|0.00|0.00|0.00|0.00|0.00|0.00|
|C100|1|0|12345678000195|55|00|000000098|000|16032024|17032024|44504.92|35581.53|4269.78|0.00|0.00|0.00|0.00|0.00|0.00|0.00|0|99900011000155|
|C170|1|PROD004|PRODUTO ACABADO D|12.47|UN|8656.03|6101|41|0.00|12.00|0.00|0.00|0.00|0.00|0.00|0.00|0.00|
|C170|2|PROD006|EMBALAGEM PADRAO F|23.03|UN|248.91|6101|00|238.36|12.00|28.60|0.00|0.00|0.00|0.00|0.00|0.00|
|C170|3|PROD008|CONJUNTO MONTADO H|30.65|UN|34811.31|6101|00|34558.13|12.00|4146.98|0.00|0.00|0.00|0.00|0.00|0.00|
|C170|4|PROD002|COMPONENTE ELETRICO B|10.46|UN|788.67|6101|51|785.04|12.00|94.20|0.00|0.00|0.00|0.00|0.00|0.00|
|C100|1|0|12345678000195|55|00|000000099|000|18032024|19032024|20694.49|19700.87|2364.10|0.00|0.00|0.00|0.00|0.00|0.00|0.00|0|77788899000177|
|C170|1|PROD003|MATERIAL BRUTO C|48.52|UN|16429.11|5403|00|16053.00|12.00|1926.36|0.00|0.00|0.00|0.00|0.00|0.00|
|C170|2|PROD007|PARTE SOBRESSALENTE G|43.26|UN|4265.38|5403|00|3647.87|12.00|437.74|0.00|0.00|0.00|0.00|0.00|0.00|
|C100|1|0|12345678000195|55|00|000000100|000|15032024|18032024|2982.35|0.00|0.00|0.00|0.00|0.00|0.00|0.00|0.00|0.00|0|33366699000100|
|C170|1|PROD003|MATERIAL BRUTO C|14.70|UN|2982.35|5102|40|0.00|12.00|0.00|0.00|0.00|0.00|0.00|0.00|0.00|
|C100|1|0|12345678000195|55|00|000000101|000|23032024|25032024|13442.09|212.23|25.47|0.00|0.00|0.00|0.00|0.00|0.00|0.00|0|22244466000133|
|C170|1|PROD002|COMPONENTE ELETRICO B|4.69|UN|300.94|5101|40|0.00|12.00|0.00|0.00|0.00|0.00|0.00|0.00|0.00|
|C170|2|PROD003|MATERIAL BRUTO C|16.17|UN|5549.36|5101|60|0.00|12.00|0.00|0.00|0.00|0.00|0.00|0.00|0.00|
|C170|3|PROD008|CONJUNTO MONTADO H|8.07|UN|7210.44|5101|70|0.00|12.00|0.00|0.00|0.00|0.00|0.00|0.00|0.00|
|C170|4|PROD002|COMPONENTE ELETRICO B|2.38|UN|166.98|5101|40|0.00|12.00|0.00|0.00|0.00|0.00|0.00|0.00|0.00|
|C170|5|PROD005|INSUMO INDUSTRIAL E|8.40|UN|214.37|5101|00|212.23|12.00|25.47|0.00|0.00|0.00|0.00|0.00|0.00|
|C100|1|0|12345678000195|55|00|000000102|000|07032024|08032024|28879.04|25437.02|3052.44|0.00|0.00|0.00|0.00|0.00|0.00|0.00|0|22244466000133|
|C170|1|PROD001|PECA MECANICA TIPO A|8.06|UN|566.66|5102|00|557.32|12.00|66.88|0.00|0.00|0.00|0.00|0.00|0.00|
|C170|2|PROD004|PRODUTO ACABADO D|32.64|UN|19671.85|5102|20|17039.41|12.00|2044.73|0.00|0.00|0.00|0.00|0.00|0.00|
|C170|3|PROD003|MATERIAL BRUTO C|41.59|UN|8640.53|5102|00|7840.29|12.00|940.83|0.00|0.00|0.00|0.00|0.00|0.00|
|C100|1|0|12345678000195|55|00|000000103|000|04032024|07032024|5752.09|0.00|0.00|0.00|0.00|0.00|0.00|0.00|0.00|0.00|0|22244466000133|
|C170|1|PROD004|PRODUTO ACABADO D|8.32|UN|5752.09|5102|40|0.00|12.00|0.00|0.00|0.00|0.00|0.00|0.00|0.00|
|C100|1|0|12345678000195|55|00|000000104|000|02032024|03032024|837.92|0.00|0.00|0.00|0.00|0.00|0.00|0.00|0.00|0.00|0|77788899000177|
|C170|1|PROD005|INSUMO INDUSTRIAL E|39.19|UN|837.92|5101|60|0.00|12.00|0.00|0.00|0.00|0.00|0.00|0.00|0.00|
|C100|1|0|12345678000195|55|00|000000105|000|24032024|25032024|16525.59|7561.29|907.35|0.00|0.00|0.00|0.00|0.00|0.00|0.00|0|22244466000133|
|C170|1|PROD003|MATERIAL BRUTO C|24.31|UN|6004.34|5101|00|5549.45|12.00|665.93|0.00|0.00|0.00|0.00|0.00|0.00|
|C170|2|PROD004|PRODUTO ACABADO D|7.69|UN|7373.17|5101|40|0.00|12.00|0.00|0.00|0.00|0.00|0.00|0.00|0.00|
|C170|3|PROD005|INSUMO INDUSTRIAL E|1.60|UN|58.64|5101|00|53.90|12.00|6.47|0.00|0.00|0.00|0.00|0.00|0.00|
|C170|4|PROD001|PECA MECANICA TIPO A|10.29|UN|1074.99|5101|40|0.00|12.00|0.00|0.00|0.00|0.00|0.00|0.00|0.00|
|C170|5|PROD003|MATERIAL BRUTO C|9.41|UN|2014.45|5101|00|1957.94|12.00|234.95|0.00|0.00|0.00|0.00|0.00|0.00|
|C100|1|0|12345678000195|55|00|000000106|000|02032024|05032024|19411.92|3401.78|408.22|0.00|0.00|0.00|0.00|0.00|0.00|0.00|0|99900011000155|
|C170|1|PROD004|PRODUTO ACABADO D|16.49|UN|15546.91|5101|41|0.00|12.00|0.00|0.00|0.00|0.00|0.00|0.00|0.00|
|C170|2|PROD002|COMPONENTE ELETRICO B|37.43|UN|2754.17|5101|90|2386.88|12.00|286.43|0.00|0.00|0.00|0.00|0.00|0.00|
|C170|3|PROD001|PECA MECANICA TIPO A|9.19|UN|979.32|5101|90|902.05|12.00|108.25|0.00|0.00|0.00|0.00|0.00|0.00|
|C170|4|PROD007|PARTE SOBRESSALENTE G|1.31|UN|131.52|5101|00|112.85|12.00|13.54|0.00|0.00|0.00|0.00|0.00|0.00|
|C100|1|0|12345678000195|55|00|000000107|000|27032024|28032024|18675.20|12813.79|1537.65|0.00|0.00|0.00|0.00|0.00|0.00|0.00|0|77788899000177|
|C170|1|PROD007|PARTE SOBRESSALENTE G|18.67|UN|1632.06|5401|10|1422.52|12.00|170.70|0.00|0.00|0.00|0.00|0.00|0.00|
|C170|2|PROD008|CONJUNTO MONTADO H|9.87|UN|13209.68|5401|00|11391.27|12.00|1366.95|0.00|0.00|0.00|0.00|0.00|0.00|
|C170|3|PROD002|COMPONENTE ELETRICO B|47.76|UN|3833.46|5401|40|0.00|12.00|0.00|0.00|0.00|0.00|0.00|0.00|0.00|
|C100|1|0|12345678000195|55|00|000000108|000|19032024|21032024|12434.32|1297.40|155.69|0.00|0.00|0.00|0.00|0.00|0.00|0.00|0|55512312300010|
|C170|1|PROD007|PARTE SOBRESSALENTE G|11.20|UN|1060.01|5401|40|0.00|12.00|0.00|0.00|0.00|0.00|0.00|0.00|0.00|
|C170|2|PROD004|PRODUTO ACABADO D|18.30|UN|9980.63|5401|60|0.00|12.00|0.00|0.00|0.00|0.00|0.00|0.00|0.00|
|C170|3|PROD002|COMPONENTE ELETRICO B|24.05|UN|825.74|5401|20|803.24|12.00|96.39|0.00|0.00|0.00|0.00|0.00|0.00|
|C170|4|PROD005|INSUMO INDUSTRIAL E|36.29|UN|567.94|5401|90|494.16|12.00|59.30|0.00|0.00|0.00|0.00|0.00|0.00|
|C100|1|0|12345678000195|55|00|000000109|000|27032024|29032024|38613.84|28353.26|3402.39|0.00|0.00|0.00|0.00|0.00|0.00|0.00|0|33366699000100|
|C170|1|PROD003|MATERIAL BRUTO C|16.66|UN|5657.76|6101|40|0.00|12.00|0.00|0.00|0.00|0.00|0.00|0.00|0.00|
|C170|2|PROD004|PRODUTO ACABADO D|42.24|UN|24580.40|6101|20|24141.06|12.00|2896.93|0.00|0.00|0.00|0.00|0.00|0.00|
|C170|3|PROD002|COMPONENTE ELETRICO B|49.67|UN|3411.18|6101|40|0.00|12.00|0.00|0.00|0.00|0.00|0.00|0.00|0.00|
|C170|4|PROD001|PECA MECANICA TIPO A|40.31|UN|4512.75|6101|00|4212.20|12.00|505.46|0.00|0.00|0.00|0.00|0.00|0.00|
|C170|5|PROD006|EMBALAGEM PADRAO F|39.77|UN|451.75|6101|30|0.00|12.00|0.00|0.00|0.00|0.00|0.00|0.00|0.00|
|C100|1|0|12345678000195|55|00|000000110|000|05032024|06032024|44877.66|27875.09|3345.01|0.00|0.00|0.00|0.00|0.00|0.00|0.00|0|22244466000133|
|C170|1|PROD008|CONJUNTO MONTADO H|23.35|UN|16733.36|5403|40|0.00|12.00|0.00|0.00|0.00|0.00|0.00|0.00|0.00|
|C170|2|PROD008|CONJUNTO MONTADO H|22.48|UN|26077.63|5403|90|25986.57|12.00|3118.39|0.00|0.00|0.00|0.00|0.00|0.00|
|C170|3|PROD005|INSUMO INDUSTRIAL E|6.37|UN|101.11|5403|00|98.78|12.00|11.85|0.00|0.00|0.00|0.00|0.00|0.00|
|C170|4|PROD003|MATERIAL BRUTO C|7.40|UN|1965.56|5403|00|1789.74|12.00|214.77|0.00|0.00|0.00|0.00|0.00|0.00|
|C100|1|0|12345678000195|55|00|000000111|000|30032024|31032024|63488.55|18320.83|2198.51|0.00|0.00|0.00|0.00|0.00|0.00|0.00|0|99900011000155|
|C170|1|PROD008|CONJUNTO MONTADO H|14.65|UN|13015.52|5403|20|11939.88|12.00|1432.79|0.00|0.00|0.00|0.00|0.00|0.00|
|C170|2|PROD006|EMBALAGEM PADRAO F|47.58|UN|405.85|5403|00|379.92|12.00|45.59|0.00|0.00|0.00|0.00|0.00|0.00|
|C170|3|PROD007|PARTE SOBRESSALENTE G|26.86|UN|2833.30|5403|20|2471.22|12.00|296.55|0.00|0.00|0.00|0.00|0.00|0.00|
|C170|4|PROD007|PARTE SOBRESSALENTE G|42.93|UN|4011.62|5403|90|3529.81|12.00|423.58|0.00|0.00|0.00|0.00|0.00|0.00|
|C170|5|PROD008|CONJUNTO MONTADO H|36.62|UN|43222.26|5403|40|0.00|12.00|0.00|0.00|0.00|0.00|0.00|0.00|0.00|
|C100|1|0|12345678000195|55|00|000000112|000|12032024|14032024|4726.67|4446.09|533.53|0.00|0.00|0.00|0.00|0.00|0.00|0.00|0|55512312300010|
|C170|1|PROD007|PARTE SOBRESSALENTE G|2.01|UN|249.00|5101|10|241.28|12.00|28.95|0.00|0.00|0.00|0.00|0.00|0.00|
|C170|2|PROD001|PECA MECANICA TIPO A|37.45|UN|4477.67|5101|20|4204.81|12.00|504.58|0.00|0.00|0.00|0.00|0.00|0.00|
|C100|1|0|12345678000195|55|00|000000113|000|01032024|01032024|53410.23|37403.42|4488.41|0.00|0.00|0.00|0.00|0.00|0.00|0.00|0|99900011000155|
|C170|1|PROD005|INSUMO INDUSTRIAL E|40.12|UN|626.64|6101|70|0.00|12.00|0.00|0.00|0.00|0.00|0.00|0.00|0.00|
|C170|2|PROD007|PARTE SOBRESSALENTE G|42.67|UN|4726.02|6101|41|0.00|12.00|0.00|0.00|0.00|0.00|0.00|0.00|0.00|
|C170|3|PROD008|CONJUNTO MONTADO H|31.76|UN|40472.41|6101|00|37403.42|12.00|4488.41|0.00|0.00|0.00|0.00|0.00|0.00|
|C170|4|PROD001|PECA MECANICA TIPO A|46.76|UN|4766.88|6101|40|0.00|12.00|0.00|0.00|0.00|0.00|0.00|0.00|0.00|
|C170|5|PROD001|PECA MECANICA TIPO A|27.07|UN|2818.28|6101|40|0.00|12.00|0.00|0.00|0.00|0.00|0.00|0.00|0.00|
|C100|1|0|12345678000195|55|00|000000114|000|02032024|05032024|16409.92|11582.36|1389.88|0.00|0.00|0.00|0.00|0.00|0.00|0.00|0|99900011000155|
|C170|1|PROD007|PARTE SOBRESSALENTE G|42.87|UN|6550.29|5101|20|6550.27|12.00|786.03|0.00|0.00|0.00|0.00|0.00|0.00|
|C170|2|PROD003|MATERIAL BRUTO C|20.04|UN|4129.43|5101|00|3879.64|12.00|465.56|0.00|0.00|0.00|0.00|0.00|0.00|
|C170|3|PROD005|INSUMO INDUSTRIAL E|42.22|UN|1305.35|5101|00|1152.45|12.00|138.29|0.00|0.00|0.00|0.00|0.00|0.00|
|C170|4|PROD007|PARTE SOBRESSALENTE G|22.29|UN|3371.52|5101|40|0.00|12.00|0.00|0.00|0.00|0.00|0.00|0.00|0.00|
|C170|5|PROD001|PECA MECANICA TIPO A|12.97|UN|1053.33|5101|60|0.00|12.00|0.00|0.00|0.00|0.00|0.00|0.00|0.00|
|C100|1|0|12345678000195|55|00|000000115|000|29032024|29032024|214.11|198.09|23.77|0.00|0.00|0.00|0.00|0.00|0.00|0.00|0|99900011000155|
|C170|1|PROD006|EMBALAGEM PADRAO F|28.21|UN|214.11|5401|00|198.09|12.00|23.77|0.00|0.00|0.00|0.00|0.00|0.00|
|C100|1|0|12345678000195|55|00|000000116|000|31032024|02042024|1052.05|951.53|114.18|0.00|0.00|0.00|0.00|0.00|0.00|0.00|0|99900011000155|
|C170|1|PROD002|COMPONENTE ELETRICO B|13.73|UN|1052.05|5102|00|951.53|12.00|114.18|0.00|0.00|0.00|0.00|0.00|0.00|
|C100|1|0|12345678000195|55|00|000000117|000|25032024|26032024|33613.41|13674.15|1640.90|0.00|0.00|0.00|0.00|0.00|0.00|0.00|0|33366699000100|
|C170|1|PROD004|PRODUTO ACABADO D|30.26|UN|19248.51|5401|60|0.00|12.00|0.00|0.00|0.00|0.00|0.00|0.00|0.00|
|C170|2|PROD004|PRODUTO ACABADO D|14.39|UN|9991.16|5401|20|9565.71|12.00|1147.89|0.00|0.00|0.00|0.00|0.00|0.00|
|C170|3|PROD004|PRODUTO ACABADO D|5.68|UN|4340.23|5401|00|4108.44|12.00|493.01|0.00|0.00|0.00|0.00|0.00|0.00|
|C170|4|PROD005|INSUMO INDUSTRIAL E|1.79|UN|33.51|5401|41|0.00|12.00|0.00|0.00|0.00|0.00|0.00|0.00|0.00|
|C100|1|0|12345678000195|55|00|000000118|000|23032024|24032024|1819.02|1561.40|187.37|0.00|0.00|0.00|0.00|0.00|0.00|0.00|0|55512312300010|
|C170|1|PROD005|INSUMO INDUSTRIAL E|38.59|UN|1587.43|5102|00|1561.40|12.00|187.37|0.00|0.00|0.00|0.00|0.00|0.00|
|C170|2|PROD005|INSUMO INDUSTRIAL E|7.90|UN|231.59|5102|30|0.00|12.00|0.00|0.00|0.00|0.00|0.00|0.00|0.00|
|C100|1|0|12345678000195|55|00|000000119|000|16032024|18032024|57301.68|49416.87|5930.03|0.00|0.00|0.00|0.00|0.00|0.00|0.00|0|55512312300010|
|C170|1|PROD008|CONJUNTO MONTADO H|18.57|UN|25616.15|6102|20|22387.63|12.00|2686.52|0.00|0.00|0.00|0.00|0.00|0.00|
|C170|2|PROD004|PRODUTO ACABADO D|46.60|UN|31002.38|6102|20|26391.18|12.00|3166.94|0.00|0.00|0.00|0.00|0.00|0.00|
|C170|3|PROD007|PARTE SOBRESSALENTE G|5.27|UN|683.15|6102|90|638.06|12.00|76.57|0.00|0.00|0.00|0.00|0.00|0.00|
|C100|1|0|12345678000195|55|00|000000120|000|18032024|20032024|21629.97|20251.00|2430.13|0.00|0.00|0.00|0.00|0.00|0.00|0.00|0|77788899000177|
|C170|1|PROD001|PECA MECANICA TIPO A|17.04|UN|1525.34|5101|00|1494.74|12.00|179.37|0.00|0.00|0.00|0.00|0.00|0.00|
|C170|2|PROD004|PRODUTO ACABADO D|20.48|UN|18925.78|5101|00|17794.82|12.00|2135.38|0.00|0.00|0.00|0.00|0.00|0.00|
|C170|3|PROD001|PECA MECANICA TIPO A|11.73|UN|804.01|5101|20|689.89|12.00|82.79|0.00|0.00|0.00|0.00|0.00|0.00|
|C170|4|PROD002|COMPONENTE ELETRICO B|7.26|UN|314.66|5101|00|271.55|12.00|32.59|0.00|0.00|0.00|0.00|0.00|0.00|
|C170|5|PROD006|EMBALAGEM PADRAO F|5.40|UN|60.18|5101|60|0.00|12.00|0.00|0.00|0.00|0.00|0.00|0.00|0.00|
|C100|1|0|12345678000195|55|00|000000121|000|29032024|30032024|24723.88|21727.94|2607.35|0.00|0.00|0.00|0.00|0.00|0.00|0.00|0|77788899000177|
|C170|1|PROD001|PECA MECANICA TIPO A|47.38|UN|4741.22|6101|00|4553.06|12.00|546.37|0.00|0.00|0.00|0.00|0.00|0.00|
|C170|2|PROD001|PECA MECANICA TIPO A|22.33|UN|1624.44|6101|70|0.00|12.00|0.00|0.00|0.00|0.00|0.00|0.00|0.00|
|C170|3|PROD001|PECA MECANICA TIPO A|38.82|UN|3926.56|6101|90|3489.86|12.00|418.78|0.00|0.00|0.00|0.00|0.00|0.00|
|C170|4|PROD008|CONJUNTO MONTADO H|19.71|UN|14431.66|6101|51|13685.02|12.00|1642.20|0.00|0.00|0.00|0.00|0.00|0.00|
|C100|1|0|12345678000195|55|00|000000122|000|15032024|18032024|61858.32|55931.36|6711.76|0.00|0.00|0.00|0.00|0.00|0.00|0.00|0|77788899000177|
|C170|1|PROD004|PRODUTO ACABADO D|5.32|UN|3262.97|5102|10|3125.52|12.00|375.06|0.00|0.00|0.00|0.00|0.00|0.00|
|C170|2|PROD008|CONJUNTO MONTADO H|40.13|UN|55703.87|5102|90|49931.23|12.00|5991.75|0.00|0.00|0.00|0.00|0.00|0.00|
|C170|3|PROD001|PECA MECANICA TIPO A|42.42|UN|2891.48|5102|10|2874.61|12.00|344.95|0.00|0.00|0.00|0.00|0.00|0.00|
|C100|1|0|12345678000195|55|00|000000123|000|16032024|19032024|8078.34|6528.75|783.45|0.00|0.00|0.00|0.00|0.00|0.00|0.00|0|55512312300010|
|C170|1|PROD002|COMPONENTE ELETRICO B|5.98|UN|402.60|6101|50|0.00|12.00|0.00|0.00|0.00|0.00|0.00|0.00|0.00|
|C170|2|PROD003|MATERIAL BRUTO C|33.74|UN|7675.74|6101|20|6528.75|12.00|783.45|0.00|0.00|0.00|0.00|0.00|0.00|
|C100|1|0|12345678000195|55|00|000000124|000|28032024|31032024|116126.46|105913.03|12709.56|0.00|0.00|0.00|0.00|0.00|0.00|0.00|0|22244466000133|
|C170|1|PROD008|CONJUNTO MONTADO H|42.94|UN|38355.73|6102|00|37933.42|12.00|4552.01|0.00|0.00|0.00|0.00|0.00|0.00|
|C170|2|PROD008|CONJUNTO MONTADO H|44.09|UN|58137.97|6102|20|54176.83|12.00|6501.22|0.00|0.00|0.00|0.00|0.00|0.00|
|C170|3|PROD007|PARTE SOBRESSALENTE G|26.02|UN|3839.14|6102|41|0.00|12.00|0.00|0.00|0.00|0.00|0.00|0.00|0.00|
|C170|4|PROD008|CONJUNTO MONTADO H|15.38|UN|15793.62|6102|00|13802.78|12.00|1656.33|0.00|0.00|0.00|0.00|0.00|0.00|
|C100|1|0|12345678000195|55|00|000000125|000|21032024|22032024|2810.30|0.00|0.00|0.00|0.00|0.00|0.00|0.00|0.00|0.00|0|55512312300010|
|C170|1|PROD001|PECA MECANICA TIPO A|48.77|UN|2810.30|5401|30|0.00|12.00|0.00|0.00|0.00|0.00|0.00|0.00|0.00|
|C100|1|0|12345678000195|55|00|000000126|000|19032024|22032024|14388.46|570.22|68.43|0.00|0.00|0.00|0.00|0.00|0.00|0.00|0|99900011000155|
|C170|1|PROD002|COMPONENTE ELETRICO B|14.32|UN|594.65|5401|00|570.22|12.00|68.43|0.00|0.00|0.00|0.00|0.00|0.00|
|C170|2|PROD003|MATERIAL BRUTO C|44.06|UN|13793.81|5401|30|0.00|12.00|0.00|0.00|0.00|0.00|0.00|0.00|0.00|
|C100|1|0|12345678000195|55|00|000000127|000|05032024|05032024|5944.99|1765.48|211.86|0.00|0.00|0.00|0.00|0.00|0.00|0.00|0|55512312300010|
|C170|1|PROD007|PARTE SOBRESSALENTE G|13.58|UN|1940.19|5401|00|1765.48|12.00|211.86|0.00|0.00|0.00|0.00|0.00|0.00|
|C170|2|PROD005|INSUMO INDUSTRIAL E|34.86|UN|1276.81|5401|40|0.00|12.00|0.00|0.00|0.00|0.00|0.00|0.00|0.00|
|C170|3|PROD007|PARTE SOBRESSALENTE G|5.31|UN|477.28|5401|40|0.00|12.00|0.00|0.00|0.00|0.00|0.00|0.00|0.00|
|C170|4|PROD002|COMPONENTE ELETRICO B|31.01|UN|2250.71|5401|30|0.00|12.00|0.00|0.00|0.00|0.00|0.00|0.00|0.00|
|C100|1|0|12345678000195|55|00|000000128|000|17032024|18032024|1155.41|327.31|39.28|0.00|0.00|0.00|0.00|0.00|0.00|0.00|0|55512312300010|
|C170|1|PROD001|PECA MECANICA TIPO A|12.44|UN|818.31|5403|40|0.00|12.00|0.00|0.00|0.00|0.00|0.00|0.00|0.00|
|C170|2|PROD006|EMBALAGEM PADRAO F|39.66|UN|337.10|5403|51|327.31|12.00|39.28|0.00|0.00|0.00|0.00|0.00|0.00|
|C100|1|0|12345678000195|55|00|000000129|000|17032024|19032024|55895.46|54544.48|6545.34|0.00|0.00|0.00|0.00|0.00|0.00|0.00|0|55512312300010|
|C170|1|PROD005|INSUMO INDUSTRIAL E|1.90|UN|71.78|6101|50|0.00|12.00|0.00|0.00|0.00|0.00|0.00|0.00|0.00|
|C170|2|PROD008|CONJUNTO MONTADO H|49.66|UN|41075.61|6101|00|40324.93|12.00|4838.99|0.00|0.00|0.00|0.00|0.00|0.00|
|C170|3|PROD004|PRODUTO ACABADO D|16.24|UN|13236.90|6101|00|12844.06|12.00|1541.29|0.00|0.00|0.00|0.00|0.00|0.00|
|C170|4|PROD007|PARTE SOBRESSALENTE G|10.14|UN|1511.17|6101|00|1375.49|12.00|165.06|0.00|0.00|0.00|0.00|0.00|0.00|
|C100|1|0|12345678000195|55|00|000000130|000|20032024|23032024|34373.89|33716.11|4045.93|0.00|0.00|0.00|0.00|0.00|0.00|0.00|0|33366699000100|
|C170|1|PROD004|PRODUTO ACABADO D|36.77|UN|33779.68|5101|10|33716.11|12.00|4045.93|0.00|0.00|0.00|0.00|0.00|0.00|
|C170|2|PROD001|PECA MECANICA TIPO A|10.93|UN|594.21|5101|40|0.00|12.00|0.00|0.00|0.00|0.00|0.00|0.00|0.00|
|C100|1|0|12345678000195|55|00|000000131|000|20032024|23032024|32394.12|23452.16|2814.25|0.00|0.00|0.00|0.00|0.00|0.00|0.00|0|55512312300010|
|C170|1|PROD005|INSUMO INDUSTRIAL E|46.98|UN|971.08|6101|60|0.00|12.00|0.00|0.00|0.00|0.00|0.00|0.00|0.00|
|C170|2|PROD008|CONJUNTO MONTADO H|24.27|UN|18970.48|6101|00|18087.95|12.00|2170.55|0.00|0.00|0.00|0.00|0.00|0.00|
|C170|3|PROD001|PECA MECANICA TIPO A|37.63|UN|3434.78|6101|20|3255.60|12.00|390.67|0.00|0.00|0.00|0.00|0.00|0.00|
|C170|4|PROD001|PECA MECANICA TIPO A|21.33|UN|2232.39|6101|00|2108.61|12.00|253.03|0.00|0.00|0.00|0.00|0.00|0.00|
|C170|5|PROD003|MATERIAL BRUTO C|20.01|UN|6785.39|6101|41|0.00|12.00|0.00|0.00|0.00|0.00|0.00|0.00|0.00|
|C100|1|0|12345678000195|55|00|000000132|000|22032024|22032024|64514.85|3849.60|461.95|0.00|0.00|0.00|0.00|0.00|0.00|0.00|0|33366699000100|
|C170|1|PROD003|MATERIAL BRUTO C|26.67|UN|8803.77|6102|60|0.00|12.00|0.00|0.00|0.00|0.00|0.00|0.00|0.00|
|C170|2|PROD005|INSUMO INDUSTRIAL E|31.81|UN|543.25|6102|70|0.00|12.00|0.00|0.00|0.00|0.00|0.00|0.00|0.00|
|C170|3|PROD003|MATERIAL BRUTO C|17.70|UN|4435.50|6102|00|3849.60|12.00|461.95|0.00|0.00|0.00|0.00|0.00|0.00|
|C170|4|PROD008|CONJUNTO MONTADO H|24.16|UN|19723.28|6102|30|0.00|12.00|0.00|0.00|0.00|0.00|0.00|0.00|0.00|
|C170|5|PROD004|PRODUTO ACABADO D|43.49|UN|31009.05|6102|40|0.00|12.00|0.00|0.00|0.00|0.00|0.00|0.00|0.00|
|C100|1|0|12345678000195|55|00|000000133|000|05032024|08032024|278.05|237.49|28.50|0.00|0.00|0.00|0.00|0.00|0.00|0.00|0|22244466000133|
|C170|1|PROD006|EMBALAGEM PADRAO F|23.93|UN|278.05|6101|00|237.49|12.00|28.50|0.00|0.00|0.00|0.00|0.00|0.00|
|C100|1|0|12345678000195|55|00|000000134|000|04032024|07032024|49144.82|43627.63|5235.31|0.00|0.00|0.00|0.00|0.00|0.00|0.00|0|99900011000155|
|C170|1|PROD008|CONJUNTO MONTADO H|44.08|UN|48998.64|5102|90|43495.95|12.00|5219.51|0.00|0.00|0.00|0.00|0.00|0.00|
|C170|2|PROD006|EMBALAGEM PADRAO F|25.03|UN|146.18|5102|00|131.68|12.00|15.80|0.00|0.00|0.00|0.00|0.00|0.00|
|C100|1|0|12345678000195|55|00|000000135|000|02032024|05032024|54931.91|49561.56|5947.39|0.00|0.00|0.00|0.00|0.00|0.00|0.00|0|77788899000177|
|C170|1|PROD007|PARTE SOBRESSALENTE G|34.01|UN|4670.33|5403|10|4216.30|12.00|505.96|0.00|0.00|0.00|0.00|0.00|0.00|
|C170|2|PROD008|CONJUNTO MONTADO H|43.49|UN|45678.67|5403|00|43289.67|12.00|5194.76|0.00|0.00|0.00|0.00|0.00|0.00|
|C170|3|PROD001|PECA MECANICA TIPO A|33.79|UN|2382.66|5403|41|0.00|12.00|0.00|0.00|0.00|0.00|0.00|0.00|0.00|
|C170|4|PROD007|PARTE SOBRESSALENTE G|7.61|UN|1142.79|5403|90|999.19|12.00|119.90|0.00|0.00|0.00|0.00|0.00|0.00|
|C170|5|PROD005|INSUMO INDUSTRIAL E|41.39|UN|1057.46|5403|00|1056.40|12.00|126.77|0.00|0.00|0.00|0.00|0.00|0.00|
|C100|1|0|12345678000195|55|00|000000136|000|22032024|25032024|5331.83|0.00|0.00|0.00|0.00|0.00|0.00|0.00|0.00|0.00|0|99900011000155|
|C170|1|PROD007|PARTE SOBRESSALENTE G|1.98|UN|284.68|6101|40|0.00|12.00|0.00|0.00|0.00|0.00|0.00|0.00|0.00|
|C170|2|PROD003|MATERIAL BRUTO C|18.47|UN|4904.26|6101|40|0.00|12.00|0.00|0.00|0.00|0.00|0.00|0.00|0.00|
|C170|3|PROD006|EMBALAGEM PADRAO F|13.05|UN|142.89|6101|60|0.00|12.00|0.00|0.00|0.00|0.00|0.00|0.00|0.00|
|C100|1|0|12345678000195|55|00|000000137|000|23032024|24032024|31710.79|30632.53|3675.90|0.00|0.00|0.00|0.00|0.00|0.00|0.00|0|33366699000100|
|C170|1|PROD001|PECA MECANICA TIPO A|15.61|UN|939.16|5101|00|865.95|12.00|103.91|0.00|0.00|0.00|0.00|0.00|0.00|
|C170|2|PROD001|PECA MECANICA TIPO A|1.47|UN|94.02|5101|00|93.19|12.00|11.18|0.00|0.00|0.00|0.00|0.00|0.00|
|C170|3|PROD004|PRODUTO ACABADO D|40.85|UN|30677.61|5101|00|29673.39|12.00|3560.81|0.00|0.00|0.00|0.00|0.00|0.00|
|C100|1|0|12345678000195|55|00|000000138|000|28032024|29032024|1328.62|1299.78|155.97|0.00|0.00|0.00|0.00|0.00|0.00|0.00|0|33366699000100|
|C170|1|PROD005|INSUMO INDUSTRIAL E|43.42|UN|1328.62|6102|00|1299.78|12.00|155.97|0.00|0.00|0.00|0.00|0.00|0.00|
|C100|1|0|12345678000195|55|00|000000139|000|03032024|04032024|1648.50|0.00|0.00|0.00|0.00|0.00|0.00|0.00|0.00|0.00|0|99900011000155|
|C170|1|PROD003|MATERIAL BRUTO C|6.25|UN|1648.50|5101|50|0.00|12.00|0.00|0.00|0.00|0.00|0.00|0.00|0.00|
|C100|1|0|12345678000195|55|00|000000140|000|27032024|27032024|7330.48|3668.03|440.16|0.00|0.00|0.00|0.00|0.00|0.00|0.00|0|55512312300010|
|C170|1|PROD001|PECA MECANICA TIPO A|45.67|UN|3488.58|5401|40|0.00|12.00|0.00|0.00|0.00|0.00|0.00|0.00|0.00|
|C170|2|PROD001|PECA MECANICA TIPO A|38.42|UN|3841.90|5401|90|3668.03|12.00|440.16|0.00|0.00|0.00|0.00|0.00|0.00|
|C100|1|0|12345678000195|55|00|000000141|000|23032024|24032024|19190.28|7939.75|952.77|0.00|0.00|0.00|0.00|0.00|0.00|0.00|0|22244466000133|
|C170|1|PROD007|PARTE SOBRESSALENTE G|41.19|UN|6196.47|5102|00|5730.50|12.00|687.66|0.00|0.00|0.00|0.00|0.00|0.00|
|C170|2|PROD002|COMPONENTE ELETRICO B|13.72|UN|1161.31|5102|20|1130.00|12.00|135.60|0.00|0.00|0.00|0.00|0.00|0.00|
|C170|3|PROD005|INSUMO INDUSTRIAL E|29.68|UN|785.20|5102|70|0.00|12.00|0.00|0.00|0.00|0.00|0.00|0.00|0.00|
|C170|4|PROD001|PECA MECANICA TIPO A|16.68|UN|1122.27|5102|10|1079.25|12.00|129.51|0.00|0.00|0.00|0.00|0.00|0.00|
|C170|5|PROD003|MATERIAL BRUTO C|45.80|UN|9925.03|5102|30|0.00|12.00|0.00|0.00|0.00|0.00|0.00|0.00|0.00|
|C100|1|0|12345678000195|55|00|000000142|000|29032024|01042024|6688.98|5422.96|650.75|0.00|0.00|0.00|0.00|0.00|0.00|0.00|0|55512312300010|
|C170|1|PROD007|PARTE SOBRESSALENTE G|38.49|UN|4611.75|5403|00|4170.60|12.00|500.47|0.00|0.00|0.00|0.00|0.00|0.00|
|C170|2|PROD002|COMPONENTE ELETRICO B|8.58|UN|660.63|5403|40|0.00|12.00|0.00|0.00|0.00|0.00|0.00|0.00|0.00|
|C170|3|PROD005|INSUMO INDUSTRIAL E|38.36|UN|1416.60|5403|20|1252.36|12.00|150.28|0.00|0.00|0.00|0.00|0.00|0.00|
|C100|1|0|12345678000195|55|00|000000143|000|01032024|02032024|69978.52|65205.25|7824.62|0.00|0.00|0.00|0.00|0.00|0.00|0.00|0|22244466000133|
|C170|1|PROD004|PRODUTO ACABADO D|38.81|UN|27284.37|5401|20|23770.20|12.00|2852.42|0.00|0.00|0.00|0.00|0.00|0.00|
|C170|2|PROD006|EMBALAGEM PADRAO F|18.55|UN|150.05|5401|00|132.12|12.00|15.85|0.00|0.00|0.00|0.00|0.00|0.00|
|C170|3|PROD008|CONJUNTO MONTADO H|41.52|UN|42544.10|5401|10|41302.93|12.00|4956.35|0.00|0.00|0.00|0.00|0.00|0.00|
|C100|1|0|12345678000195|55|00|000000144|000|18032024|19032024|1164.83|992.89|119.15|0.00|0.00|0.00|0.00|0.00|0.00|0.00|0|22244466000133|
|C170|1|PROD002|COMPONENTE ELETRICO B|24.85|UN|1164.83|5403|00|992.89|12.00|119.15|0.00|0.00|0.00|0.00|0.00|0.00|
|C100|1|0|12345678000195|55|00|000000145|000|29032024|01042024|2718.57|2384.62|286.15|0.00|0.00|0.00|0.00|0.00|0.00|0.00|0|77788899000177|
|C170|1|PROD007|PARTE SOBRESSALENTE G|25.66|UN|2718.57|5401|20|2384.62|12.00|286.15|0.00|0.00|0.00|0.00|0.00|0.00|
|C100|1|0|12345678000195|55|00|000000146|000|06032024|07032024|15685.09|14217.89|1706.15|0.00|0.00|0.00|0.00|0.00|0.00|0.00|0|55512312300010|
|C170|1|PROD007|PARTE SOBRESSALENTE G|49.08|UN|7434.94|5401|00|6895.38|12.00|827.45|0.00|0.00|0.00|0.00|0.00|0.00|
|C170|2|PROD004|PRODUTO ACABADO D|15.71|UN|8201.09|5401|20|7279.29|12.00|873.51|0.00|0.00|0.00|0.00|0.00|0.00|
|C170|3|PROD005|INSUMO INDUSTRIAL E|1.50|UN|49.06|5401|10|43.22|12.00|5.19|0.00|0.00|0.00|0.00|0.00|0.00|
|C100|1|0|12345678000195|55|00|000000147|000|31032024|31032024|38166.25|35748.04|4289.76|0.00|0.00|0.00|0.00|0.00|0.00|0.00|0|22244466000133|
|C170|1|PROD008|CONJUNTO MONTADO H|27.88|UN|37481.79|6102|20|35748.04|12.00|4289.76|0.00|0.00|0.00|0.00|0.00|0.00|
|C170|2|PROD002|COMPONENTE ELETRICO B|18.55|UN|684.46|6102|60|0.00|12.00|0.00|0.00|0.00|0.00|0.00|0.00|0.00|
|C100|1|0|12345678000195|55|00|000000148|000|24032024|27032024|17451.33|17238.05|2068.57|0.00|0.00|0.00|0.00|0.00|0.00|0.00|0|22244466000133|
|C170|1|PROD004|PRODUTO ACABADO D|33.92|UN|17451.33|6101|00|17238.05|12.00|2068.57|0.00|0.00|0.00|0.00|0.00|0.00|
|C100|1|0|12345678000195|55|00|000000149|000|13032024|14032024|409.54|369.42|44.33|0.00|0.00|0.00|0.00|0.00|0.00|0.00|0|99900011000155|
|C170|1|PROD006|EMBALAGEM PADRAO F|39.23|UN|409.54|5102|00|369.42|12.00|44.33|0.00|0.00|0.00|0.00|0.00|0.00|
|C100|1|0|12345678000195|55|00|000000150|000|22032024|23032024|1210.64|1109.31|133.12|0.00|0.00|0.00|0.00|0.00|0.00|0.00|0|55512312300010|
|C170|1|PROD005|INSUMO INDUSTRIAL E|47.89|UN|1141.77|5403|51|1043.99|12.00|125.28|0.00|0.00|0.00|0.00|0.00|0.00|
|C170|2|PROD006|EMBALAGEM PADRAO F|13.61|UN|68.87|5403|00|65.32|12.00|7.84|0.00|0.00|0.00|0.00|0.00|0.00|
|C100|1|0|12345678000195|55|00|000000151|000|14032024|17032024|19472.42|14417.76|1730.14|0.00|0.00|0.00|0.00|0.00|0.00|0.00|0|33366699000100|
|C170|1|PROD005|INSUMO INDUSTRIAL E|13.48|UN|360.99|5101|00|344.99|12.00|41.40|0.00|0.00|0.00|0.00|0.00|0.00|
|C170|2|PROD008|CONJUNTO MONTADO H|2.35|UN|3016.12|5101|30|0.00|12.00|0.00|0.00|0.00|0.00|0.00|0.00|0.00|
|C170|3|PROD004|PRODUTO ACABADO D|8.21|UN|4818.63|5101|00|4386.72|12.00|526.41|0.00|0.00|0.00|0.00|0.00|0.00|
|C170|4|PROD003|MATERIAL BRUTO C|42.03|UN|11276.68|5101|00|9686.05|12.00|1162.33|0.00|0.00|0.00|0.00|0.00|0.00|
|C100|1|0|12345678000195|55|00|000000152|000|06032024|07032024|385.96|379.42|45.53|0.00|0.00|0.00|0.00|0.00|0.00|0.00|0|77788899000177|
|C170|1|PROD001|PECA MECANICA TIPO A|4.68|UN|385.96|5403|10|379.42|12.00|45.53|0.00|0.00|0.00|0.00|0.00|0.00|
|C100|1|0|12345678000195|55|00|000000153|000|20032024|20032024|2439.13|0.00|0.00|0.00|0.00|0.00|0.00|0.00|0.00|0.00|0|22244466000133|
|C170|1|PROD004|PRODUTO ACABADO D|3.80|UN|2439.13|5403|40|0.00|12.00|0.00|0.00|0.00|0.00|0.00|0.00|0.00|
|C100|1|0|12345678000195|55|00|000000154|000|12032024|12032024|17888.50|15700.67|1884.08|0.00|0.00|0.00|0.00|0.00|0.00|0.00|0|99900011000155|
|C170|1|PROD007|PARTE SOBRESSALENTE G|2.59|UN|243.33|5401|00|222.34|12.00|26.68|0.00|0.00|0.00|0.00|0.00|0.00|
|C170|2|PROD004|PRODUTO ACABADO D|29.35|UN|17596.51|5401|51|15429.95|12.00|1851.59|0.00|0.00|0.00|0.00|0.00|0.00|
|C170|3|PROD005|INSUMO INDUSTRIAL E|2.45|UN|48.66|5401|20|48.38|12.00|5.81|0.00|0.00|0.00|0.00|0.00|0.00|
|C100|1|0|12345678000195|55|00|000000155|000|26032024|26032024|56781.49|53574.19|6428.90|0.00|0.00|0.00|0.00|0.00|0.00|0.00|0|99900011000155|
|C170|1|PROD002|COMPONENTE ELETRICO B|4.79|UN|255.18|5101|00|219.64|12.00|26.36|0.00|0.00|0.00|0.00|0.00|0.00|
|C170|2|PROD004|PRODUTO ACABADO D|23.76|UN|21999.55|5101|00|19412.53|12.00|2329.50|0.00|0.00|0.00|0.00|0.00|0.00|
|C170|3|PROD004|PRODUTO ACABADO D|49.89|UN|34526.76|5101|00|33942.02|12.00|4073.04|0.00|0.00|0.00|0.00|0.00|0.00|
|C100|1|0|12345678000195|55|00|000000156|000|29032024|31032024|12807.64|12490.90|1498.91|0.00|0.00|0.00|0.00|0.00|0.00|0.00|0|55512312300010|
|C170|1|PROD008|CONJUNTO MONTADO H|15.27|UN|12807.64|6102|00|12490.90|12.00|1498.91|0.00|0.00|0.00|0.00|0.00|0.00|
|C100|1|0|12345678000195|55|00|000000157|000|09032024|11032024|22329.79|4506.02|540.72|0.00|0.00|0.00|0.00|0.00|0.00|0.00|0|77788899000177|
|C170|1|PROD002|COMPONENTE ELETRICO B|22.74|UN|1906.19|5403|60|0.00|12.00|0.00|0.00|0.00|0.00|0.00|0.00|0.00|
|C170|2|PROD001|PECA MECANICA TIPO A|1.26|UN|82.67|5403|40|0.00|12.00|0.00|0.00|0.00|0.00|0.00|0.00|0.00|
|C170|3|PROD007|PARTE SOBRESSALENTE G|37.33|UN|5244.86|5403|10|4506.02|12.00|540.72|0.00|0.00|0.00|0.00|0.00|0.00|
|C170|4|PROD002|COMPONENTE ELETRICO B|44.17|UN|2821.01|5403|40|0.00|12.00|0.00|0.00|0.00|0.00|0.00|0.00|0.00|
|C170|5|PROD003|MATERIAL BRUTO C|49.34|UN|12275.06|5403|40|0.00|12.00|0.00|0.00|0.00|0.00|0.00|0.00|0.00|
|C100|1|0|12345678000195|55|00|000000158|000|24032024|25032024|26131.92|24174.60|2900.95|0.00|0.00|0.00|0.00|0.00|0.00|0.00|0|77788899000177|
|C170|1|PROD006|EMBALAGEM PADRAO F|5.26|UN|59.26|5102|00|53.82|12.00|6.46|0.00|0.00|0.00|0.00|0.00|0.00|
|C170|2|PROD008|CONJUNTO MONTADO H|18.05|UN|13242.08|5102|90|12374.48|12.00|1484.94|0.00|0.00|0.00|0.00|0.00|0.00|
|C170|3|PROD004|PRODUTO ACABADO D|22.03|UN|12343.11|5102|20|11268.85|12.00|1352.26|0.00|0.00|0.00|0.00|0.00|0.00|
|C170|4|PROD005|INSUMO INDUSTRIAL E|20.36|UN|487.47|5102|00|477.45|12.00|57.29|0.00|0.00|0.00|0.00|0.00|0.00|
|C100|1|0|12345678000195|55|00|000000159|000|21032024|23032024|8429.53|7294.14|875.29|0.00|0.00|0.00|0.00|0.00|0.00|0.00|0|99900011000155|
|C170|1|PROD005|INSUMO INDUSTRIAL E|37.70|UN|1162.20|5401|00|1113.87|12.00|133.66|0.00|0.00|0.00|0.00|0.00|0.00|
|C170|2|PROD003|MATERIAL BRUTO C|25.78|UN|7267.33|5401|10|6180.27|12.00|741.63|0.00|0.00|0.00|0.00|0.00|0.00|
|C100|1|0|12345678000195|55|00|000000160|000|12032024|15032024|5945.88|3750.90|450.11|0.00|0.00|0.00|0.00|0.00|0.00|0.00|0|22244466000133|
|C170|1|PROD001|PECA MECANICA TIPO A|36.03|UN|2061.94|5101|70|0.00|12.00|0.00|0.00|0.00|0.00|0.00|0.00|0.00|
|C170|2|PROD001|PECA MECANICA TIPO A|42.38|UN|3883.94|5101|00|3750.90|12.00|450.11|0.00|0.00|0.00|0.00|0.00|0.00|
|C100|1|0|12345678000195|55|00|000000161|000|25032024|27032024|7949.62|5841.77|701.02|0.00|0.00|0.00|0.00|0.00|0.00|0.00|0|33366699000100|
|C170|1|PROD001|PECA MECANICA TIPO A|45.04|UN|3350.45|5102|00|2951.56|12.00|354.19|0.00|0.00|0.00|0.00|0.00|0.00|
|C170|2|PROD003|MATERIAL BRUTO C|1.32|UN|297.45|5102|10|254.65|12.00|30.56|0.00|0.00|0.00|0.00|0.00|0.00|
|C170|3|PROD005|INSUMO INDUSTRIAL E|40.67|UN|1604.84|5102|50|0.00|12.00|0.00|0.00|0.00|0.00|0.00|0.00|0.00|
|C170|4|PROD001|PECA MECANICA TIPO A|17.86|UN|2109.86|5102|00|2073.38|12.00|248.81|0.00|0.00|0.00|0.00|0.00|0.00|
|C170|5|PROD002|COMPONENTE ELETRICO B|12.09|UN|587.02|5102|10|562.18|12.00|67.46|0.00|0.00|0.00|0.00|0.00|0.00|
|C100|1|0|12345678000195|55|00|000000162|000|08032024|11032024|15241.45|11760.06|1411.21|0.00|0.00|0.00|0.00|0.00|0.00|0.00|0|55512312300010|
|C170|1|PROD007|PARTE SOBRESSALENTE G|38.00|UN|3786.50|6101|51|3385.82|12.00|406.30|0.00|0.00|0.00|0.00|0.00|0.00|
|C170|2|PROD007|PARTE SOBRESSALENTE G|13.07|UN|2006.33|6101|40|0.00|12.00|0.00|0.00|0.00|0.00|0.00|0.00|0.00|
|C170|3|PROD003|MATERIAL BRUTO C|7.48|UN|2407.24|6101|00|2249.93|12.00|269.99|0.00|0.00|0.00|0.00|0.00|0.00|
|C170|4|PROD007|PARTE SOBRESSALENTE G|37.28|UN|5964.59|6101|00|5182.92|12.00|621.95|0.00|0.00|0.00|0.00|0.00|0.00|
|C170|5|PROD005|INSUMO INDUSTRIAL E|48.33|UN|1076.79|6101|00|941.39|12.00|112.97|0.00|0.00|0.00|0.00|0.00|0.00|
|C100|1|0|12345678000195|55|00|000000163|000|02032024|05032024|71694.26|60054.32|7206.51|0.00|0.00|0.00|0.00|0.00|0.00|0.00|0|99900011000155|
|C170|1|PROD004|PRODUTO ACABADO D|6.78|UN|4178.09|5401|20|3675.52|12.00|441.06|0.00|0.00|0.00|0.00|0.00|0.00|
|C170|2|PROD008|CONJUNTO MONTADO H|24.57|UN|22517.83|5401|10|19680.76|12.00|2361.69|0.00|0.00|0.00|0.00|0.00|0.00|
|C170|3|PROD005|INSUMO INDUSTRIAL E|45.41|UN|1152.15|5401|40|0.00|12.00|0.00|0.00|0.00|0.00|0.00|0.00|0.00|
|C170|4|PROD005|INSUMO INDUSTRIAL E|43.48|UN|1404.44|5401|40|0.00|12.00|0.00|0.00|0.00|0.00|0.00|0.00|0.00|
|C170|5|PROD008|CONJUNTO MONTADO H|45.18|UN|42441.75|5401|90|36698.04|12.00|4403.76|0.00|0.00|0.00|0.00|0.00|0.00|
|C100|1|0|12345678000195|55|00|000000164|000|06032024|09032024|44.85|0.00|0.00|0.00|0.00|0.00|0.00|0.00|0.00|0.00|0|77788899000177|
|C170|1|PROD006|EMBALAGEM PADRAO F|5.89|UN|44.85|5403|40|0.00|12.00|0.00|0.00|0.00|0.00|0.00|0.00|0.00|
|C100|1|0|12345678000195|55|00|000000165|000|31032024|03042024|14556.74|364.24|43.71|0.00|0.00|0.00|0.00|0.00|0.00|0.00|0|77788899000177|
|C170|1|PROD003|MATERIAL BRUTO C|13.34|UN|2874.27|5401|60|0.00|12.00|0.00|0.00|0.00|0.00|0.00|0.00|0.00|
|C170|2|PROD006|EMBALAGEM PADRAO F|35.36|UN|397.09|5401|20|364.24|12.00|43.71|0.00|0.00|0.00|0.00|0.00|0.00|
|C170|3|PROD005|INSUMO INDUSTRIAL E|38.56|UN|605.71|5401|40|0.00|12.00|0.00|0.00|0.00|0.00|0.00|0.00|0.00|
|C170|4|PROD008|CONJUNTO MONTADO H|8.76|UN|10679.67|5401|30|0.00|12.00|0.00|0.00|0.00|0.00|0.00|0.00|0.00|
|C100|1|0|12345678000195|55|00|000000166|000|11032024|12032024|1189.21|0.00|0.00|0.00|0.00|0.00|0.00|0.00|0.00|0.00|0|33366699000100|
|C170|1|PROD002|COMPONENTE ELETRICO B|35.55|UN|1189.21|5401|40|0.00|12.00|0.00|0.00|0.00|0.00|0.00|0.00|0.00|
|C100|1|0|12345678000195|55|00|000000167|000|12032024|12032024|8013.49|0.00|0.00|0.00|0.00|0.00|0.00|0.00|0.00|0.00|0|33366699000100|
|C170|1|PROD003|MATERIAL BRUTO C|36.27|UN|8013.49|5401|40|0.00|12.00|0.00|0.00|0.00|0.00|0.00|0.00|0.00|
|C100|1|0|12345678000195|55|00|000000168|000|10032024|11032024|900.35|784.16|94.10|0.00|0.00|0.00|0.00|0.00|0.00|0.00|0|55512312300010|
|C170|1|PROD005|INSUMO INDUSTRIAL E|22.64|UN|900.35|6102|20|784.16|12.00|94.10|0.00|0.00|0.00|0.00|0.00|0.00|
|C100|1|0|12345678000195|55|00|000000169|000|20032024|21032024|8188.38|6394.97|767.39|0.00|0.00|0.00|0.00|0.00|0.00|0.00|0|22244466000133|
|C170|1|PROD007|PARTE SOBRESSALENTE G|27.72|UN|3787.94|5401|00|3673.11|12.00|440.77|0.00|0.00|0.00|0.00|0.00|0.00|
|C170|2|PROD002|COMPONENTE ELETRICO B|16.75|UN|1360.53|5401|41|0.00|12.00|0.00|0.00|0.00|0.00|0.00|0.00|0.00|
|C170|3|PROD001|PECA MECANICA TIPO A|29.94|UN|3039.91|5401|90|2721.86|12.00|326.62|0.00|0.00|0.00|0.00|0.00|0.00|
|C100|1|0|12345678000195|55|00|000000170|000|16032024|19032024|89143.43|49185.78|5902.30|0.00|0.00|0.00|0.00|0.00|0.00|0.00|0|99900011000155|
|C170|1|PROD004|PRODUTO ACABADO D|44.15|UN|38130.13|5101|40|0.00|12.00|0.00|0.00|0.00|0.00|0.00|0.00|0.00|
|C170|2|PROD004|PRODUTO ACABADO D|49.32|UN|34841.77|5101|00|34175.98|12.00|4101.12|0.00|0.00|0.00|0.00|0.00|0.00|
|C170|3|PROD005|INSUMO INDUSTRIAL E|47.20|UN|919.36|5101|20|856.32|12.00|102.76|0.00|0.00|0.00|0.00|0.00|0.00|
|C170|4|PROD008|CONJUNTO MONTADO H|15.20|UN|15252.17|5101|00|14153.48|12.00|1698.42|0.00|0.00|0.00|0.00|0.00|0.00|
|C100|1|0|12345678000195|55|00|000000171|000|26032024|28032024|54524.21|2738.85|328.66|0.00|0.00|0.00|0.00|0.00|0.00|0.00|0|99900011000155|
|C170|1|PROD005|INSUMO INDUSTRIAL E|22.43|UN|816.94|6102|00|791.03|12.00|94.92|0.00|0.00|0.00|0.00|0.00|0.00|
|C170|2|PROD007|PARTE SOBRESSALENTE G|1.88|UN|226.91|6102|10|197.14|12.00|23.66|0.00|0.00|0.00|0.00|0.00|0.00|
|C170|3|PROD005|INSUMO INDUSTRIAL E|29.64|UN|579.19|6102|10|511.14|12.00|61.34|0.00|0.00|0.00|0.00|0.00|0.00|
|C170|4|PROD008|CONJUNTO MONTADO H|39.23|UN|51482.69|6102|40|0.00|12.00|0.00|0.00|0.00|0.00|0.00|0.00|0.00|
|C170|5|PROD003|MATERIAL BRUTO C|4.93|UN|1418.48|6102|00|1239.54|12.00|148.74|0.00|0.00|0.00|0.00|0.00|0.00|
|C100|1|0|12345678000195|55|00|000000172|000|28032024|30032024|667.07|0.00|0.00|0.00|0.00|0.00|0.00|0.00|0.00|0.00|0|77788899000177|
|C170|1|PROD005|INSUMO INDUSTRIAL E|18.28|UN|667.07|5101|70|0.00|12.00|0.00|0.00|0.00|0.00|0.00|0.00|0.00|
|C100|1|0|12345678000195|55|00|000000173|000|06032024|08032024|1930.11|0.00|0.00|0.00|0.00|0.00|0.00|0.00|0.00|0.00|0|22244466000133|
|C170|1|PROD005|INSUMO INDUSTRIAL E|38.26|UN|1483.84|5403|40|0.00|12.00|0.00|0.00|0.00|0.00|0.00|0.00|0.00|
|C170|2|PROD002|COMPONENTE ELETRICO B|5.44|UN|446.27|5403|41|0.00|12.00|0.00|0.00|0.00|0.00|0.00|0.00|0.00|
|C100|1|0|12345678000195|55|00|000000174|000|30032024|01042024|6355.39|1006.69|120.80|0.00|0.00|0.00|0.00|0.00|0.00|0.00|0|77788899000177|
|C170|1|PROD005|INSUMO INDUSTRIAL E|1.66|UN|56.34|5101|20|49.33|12.00|5.92|0.00|0.00|0.00|0.00|0.00|0.00|
|C170|2|PROD002|COMPONENTE ELETRICO B|34.99|UN|1126.26|5101|20|957.36|12.00|114.88|0.00|0.00|0.00|0.00|0.00|0.00|
|C170|3|PROD001|PECA MECANICA TIPO A|46.01|UN|5172.79|5101|50|0.00|12.00|0.00|0.00|0.00|0.00|0.00|0.00|0.00|
|C100|1|0|12345678000195|55|00|000000175|000|31032024|02042024|16782.47|0.00|0.00|0.00|0.00|0.00|0.00|0.00|0.00|0.00|0|55512312300010|
|C170|1|PROD002|COMPONENTE ELETRICO B|14.97|UN|481.34|5403|40|0.00|12.00|0.00|0.00|0.00|0.00|0.00|0.00|0.00|
|C170|2|PROD004|PRODUTO ACABADO D|31.11|UN|16301.13|5403|41|0.00|12.00|0.00|0.00|0.00|0.00|0.00|0.00|0.00|
|C100|1|0|12345678000195|55|00|000000176|000|08032024|09032024|1246.56|330.30|39.64|0.00|0.00|0.00|0.00|0.00|0.00|0.00|0|99900011000155|
|C170|1|PROD005|INSUMO INDUSTRIAL E|8.86|UN|332.81|5401|00|330.30|12.00|39.64|0.00|0.00|0.00|0.00|0.00|0.00|
|C170|2|PROD002|COMPONENTE ELETRICO B|11.89|UN|913.75|5401|40|0.00|12.00|0.00|0.00|0.00|0.00|0.00|0.00|0.00|
|C100|1|0|12345678000195|55|00|000000177|000|31032024|31032024|10834.77|10314.24|1237.71|0.00|0.00|0.00|0.00|0.00|0.00|0.00|0|22244466000133|
|C170|1|PROD004|PRODUTO ACABADO D|16.70|UN|10601.06|6101|00|10100.30|12.00|1212.04|0.00|0.00|0.00|0.00|0.00|0.00|
|C170|2|PROD006|EMBALAGEM PADRAO F|21.48|UN|233.71|6101|20|213.94|12.00|25.67|0.00|0.00|0.00|0.00|0.00|0.00|
|C100|1|0|12345678000195|55|00|000000178|000|13032024|15032024|47265.59|6400.73|768.08|0.00|0.00|0.00|0.00|0.00|0.00|0.00|0|77788899000177|
|C170|1|PROD006|EMBALAGEM PADRAO F|10.79|UN|86.03|5102|20|78.62|12.00|9.43|0.00|0.00|0.00|0.00|0.00|0.00|
|C170|2|PROD003|MATERIAL BRUTO C|8.18|UN|1910.47|5102|00|1905.61|12.00|228.67|0.00|0.00|0.00|0.00|0.00|0.00|
|C170|3|PROD001|PECA MECANICA TIPO A|44.42|UN|4666.45|5102|00|4416.50|12.00|529.98|0.00|0.00|0.00|0.00|0.00|0.00|
|C170|4|PROD003|MATERIAL BRUTO C|39.84|UN|9514.83|5102|40|0.00|12.00|0.00|0.00|0.00|0.00|0.00|0.00|0.00|
|C170|5|PROD004|PRODUTO ACABADO D|48.28|UN|31087.81|5102|70|0.00|12.00|0.00|0.00|0.00|0.00|0.00|0.00|0.00|
|C100|1|0|12345678000195|55|00|000000179|000|13032024|15032024|20861.59|2062.18|247.46|0.00|0.00|0.00|0.00|0.00|0.00|0.00|0|55512312300010|
|C170|1|PROD001|PECA MECANICA TIPO A|23.73|UN|2280.41|5401|10|2062.18|12.00|247.46|0.00|0.00|0.00|0.00|0.00|0.00|
|C170|2|PROD006|EMBALAGEM PADRAO F|47.60|UN|535.98|5401|41|0.00|12.00|0.00|0.00|0.00|0.00|0.00|0.00|0.00|
|C170|3|PROD004|PRODUTO ACABADO D|21.68|UN|18045.20|5401|41|0.00|12.00|0.00|0.00|0.00|0.00|0.00|0.00|0.00|
|C100|1|0|12345678000195|55|00|000000180|000|10032024|11032024|6384.61|6248.95|749.87|0.00|0.00|0.00|0.00|0.00|0.00|0.00|0|99900011000155|
|C170|1|PROD007|PARTE SOBRESSALENTE G|44.12|UN|6384.61|6101|20|6248.95|12.00|749.87|0.00|0.00|0.00|0.00|0.00|0.00|
|C100|1|0|12345678000195|55|00|000000181|000|17032024|20032024|3260.21|2917.78|350.13|0.00|0.00|0.00|0.00|0.00|0.00|0.00|0|55512312300010|
|C170|1|PROD007|PARTE SOBRESSALENTE G|25.23|UN|3260.21|5101|00|2917.78|12.00|350.13|0.00|0.00|0.00|0.00|0.00|0.00|
|C100|1|0|12345678000195|55|00|000000182|000|02032024|03032024|25077.90|22839.72|2740.77|0.00|0.00|0.00|0.00|0.00|0.00|0.00|0|77788899000177|
|C170|1|PROD002|COMPONENTE ELETRICO B|11.73|UN|574.75|5401|41|0.00|12.00|0.00|0.00|0.00|0.00|0.00|0.00|0.00|
|C170|2|PROD003|MATERIAL BRUTO C|40.01|UN|11008.75|5401|10|9779.39|12.00|1173.53|0.00|0.00|0.00|0.00|0.00|0.00|
|C170|3|PROD007|PARTE SOBRESSALENTE G|28.94|UN|4624.80|5401|00|4537.49|12.00|544.50|0.00|0.00|0.00|0.00|0.00|0.00|
|C170|4|PROD001|PECA MECANICA TIPO A|38.86|UN|2948.92|5401|00|2879.06|12.00|345.49|0.00|0.00|0.00|0.00|0.00|0.00|
|C170|5|PROD004|PRODUTO ACABADO D|7.70|UN|5920.68|5401|00|5643.78|12.00|677.25|0.00|0.00|0.00|0.00|0.00|0.00|
|C100|1|0|12345678000195|55|00|000000183|000|07032024|10032024|35263.73|3315.64|397.87|0.00|0.00|0.00|0.00|0.00|0.00|0.00|0|77788899000177|
|C170|1|PROD001|PECA MECANICA TIPO A|30.18|UN|1989.19|6102|51|1877.54|12.00|225.30|0.00|0.00|0.00|0.00|0.00|0.00|
|C170|2|PROD001|PECA MECANICA TIPO A|16.34|UN|1665.03|6102|00|1438.10|12.00|172.57|0.00|0.00|0.00|0.00|0.00|0.00|
|C170|3|PROD008|CONJUNTO MONTADO H|36.58|UN|31609.51|6102|41|0.00|12.00|0.00|0.00|0.00|0.00|0.00|0.00|0.00|
|C100|1|0|12345678000195|55|00|000000184|000|01032024|01032024|18970.52|17942.07|2153.05|0.00|0.00|0.00|0.00|0.00|0.00|0.00|0|99900011000155|
|C170|1|PROD004|PRODUTO ACABADO D|33.93|UN|17775.87|6101|20|16836.09|12.00|2020.33|0.00|0.00|0.00|0.00|0.00|0.00|
|C170|2|PROD001|PECA MECANICA TIPO A|21.12|UN|1194.65|6101|00|1105.98|12.00|132.72|0.00|0.00|0.00|0.00|0.00|0.00|
|C100|1|0|12345678000195|55|00|000000185|000|09032024|11032024|14873.85|10775.46|1293.06|0.00|0.00|0.00|0.00|0.00|0.00|0.00|0|99900011000155|
|C170|1|PROD001|PECA MECANICA TIPO A|42.32|UN|4968.67|5102|10|4533.14|12.00|543.98|0.00|0.00|0.00|0.00|0.00|0.00|
|C170|2|PROD006|EMBALAGEM PADRAO F|44.91|UN|491.30|5102|00|482.22|12.00|57.87|0.00|0.00|0.00|0.00|0.00|0.00|
|C170|3|PROD001|PECA MECANICA TIPO A|38.00|UN|2974.71|5102|60|0.00|12.00|0.00|0.00|0.00|0.00|0.00|0.00|0.00|
|C170|4|PROD007|PARTE SOBRESSALENTE G|45.16|UN|6439.17|5102|10|5760.10|12.00|691.21|0.00|0.00|0.00|0.00|0.00|0.00|
|C100|1|0|12345678000195|55|00|000000186|000|17032024|19032024|40169.12|35126.23|4215.15|0.00|0.00|0.00|0.00|0.00|0.00|0.00|0|55512312300010|
|C170|1|PROD005|INSUMO INDUSTRIAL E|29.27|UN|525.91|6101|41|0.00|12.00|0.00|0.00|0.00|0.00|0.00|0.00|0.00|
|C170|2|PROD008|CONJUNTO MONTADO H|16.09|UN|11728.59|6101|20|11449.32|12.00|1373.92|0.00|0.00|0.00|0.00|0.00|0.00|
|C170|3|PROD002|COMPONENTE ELETRICO B|28.54|UN|888.26|6101|90|803.43|12.00|96.41|0.00|0.00|0.00|0.00|0.00|0.00|
|C170|4|PROD004|PRODUTO ACABADO D|37.89|UN|26737.73|6101|10|22873.48|12.00|2744.82|0.00|0.00|0.00|0.00|0.00|0.00|
|C170|5|PROD006|EMBALAGEM PADRAO F|35.59|UN|288.63|6101|60|0.00|12.00|0.00|0.00|0.00|0.00|0.00|0.00|0.00|
|C100|1|0|12345678000195|55|00|000000187|000|17032024|18032024|26708.14|24322.64|2918.72|0.00|0.00|0.00|0.00|0.00|0.00|0.00|0|99900011000155|
|C170|1|PROD004|PRODUTO ACABADO D|32.59|UN|26708.14|5102|00|24322.64|12.00|2918.72|0.00|0.00|0.00|0.00|0.00|0.00|
|C100|1|0|12345678000195|55|00|000000188|000|18032024|19032024|20742.71|16249.95|1949.99|0.00|0.00|0.00|0.00|0.00|0.00|0.00|0|55512312300010|
|C170|1|PROD004|LINHA_CORROMPIDA|
|C170|2|PROD008|CONJUNTO MONTADO H|1.79|UN|1895.47|5102|30|0.00|12.00|0.00|0.00|0.00|0.00|0.00|0.00|0.00|
|C100|1|0|12345678000195|55|00|000000189|000|14032024|16032024|28171.29|24505.36|2940.64|0.00|0.00|0.00|0.00|0.00|0.00|0.00|0|99900011000155|
|C170|1|PROD007|PARTE SOBRESSALENTE G|11.06|UN|1251.43|5102|10|1216.37|12.00|145.96|0.00|0.00|0.00|0.00|0.00|0.00|
|C170|2|PROD006|EMBALAGEM PADRAO F|35.12|UN|346.30|5102|51|320.52|12.00|38.46|0.00|0.00|0.00|0.00|0.00|0.00|
|C170|3|PROD007|PARTE SOBRESSALENTE G|24.60|UN|2754.37|5102|40|0.00|12.00|0.00|0.00|0.00|0.00|0.00|0.00|0.00|
|C170|4|PROD001|PECA MECANICA TIPO A|16.43|UN|1965.15|5102|10|1676.84|12.00|201.22|0.00|0.00|0.00|0.00|0.00|0.00|
|C170|5|PROD004|PRODUTO ACABADO D|33.87|UN|21854.04|5102|00|21291.63|12.00|2555.00|0.00|0.00|0.00|0.00|0.00|0.00|
|C100|1|0|12345678000195|55|00|000000190|000|02032024|04032024|22897.74|19702.78|2364.33|0.00|0.00|0.00|0.00|0.00|0.00|0.00|0|22244466000133|
|C170|1|PROD004|PRODUTO ACABADO D|22.70|UN|15783.25|6102|00|15401.93|12.00|1848.23|0.00|0.00|0.00|0.00|0.00|0.00|
|C170|2|PROD006|EMBALAGEM PADRAO F|38.36|UN|300.01|6102|00|296.90|12.00|35.63|0.00|0.00|0.00|0.00|0.00|0.00|
|C170|3|PROD001|PECA MECANICA TIPO A|34.13|UN|3808.45|6102|20|3776.18|12.00|453.14|0.00|0.00|0.00|0.00|0.00|0.00|
|C170|4|PROD007|PARTE SOBRESSALENTE G|29.43|UN|2771.81|6102|50|0.00|12.00|0.00|0.00|0.00|0.00|0.00|0.00|0.00|
|C170|5|PROD006|EMBALAGEM PADRAO F|42.13|UN|234.22|6102|90|227.77|12.00|27.33|0.00|0.00|0.00|0.00|0.00|0.00|
|C100|1|0|12345678000195|55|00|000000191|000|16032024|16032024|32858.27|0.00|0.00|0.00|0.00|0.00|0.00|0.00|0.00|0.00|0|77788899000177|
|C170|1|PROD004|PRODUTO ACABADO D|44.30|UN|26486.64|6101|50|0.00|12.00|0.00|0.00|0.00|0.00|0.00|0.00|0.00|
|C170|2|PROD003|MATERIAL BRUTO C|23.72|UN|6371.63|6101|60|0.00|12.00|0.00|0.00|0.00|0.00|0.00|0.00|0.00|
|C100|1|0|12345678000195|55|00|000000192|000|18032024|21032024|47583.77|11278.59|1353.43|0.00|0.00|0.00|0.00|0.00|0.00|0.00|0|55512312300010|
|C170|1|PROD003|MATERIAL BRUTO C|29.98|UN|9084.23|5401|40|0.00|12.00|0.00|0.00|0.00|0.00|0.00|0.00|0.00|
|C170|2|PROD004|PRODUTO ACABADO D|48.65|UN|26359.60|5401|41|0.00|12.00|0.00|0.00|0.00|0.00|0.00|0.00|0.00|
|C170|3|PROD003|MATERIAL BRUTO C|47.92|UN|11759.11|5401|90|11056.22|12.00|1326.75|0.00|0.00|0.00|0.00|0.00|0.00|
|C170|4|PROD001|PECA MECANICA TIPO A|1.95|UN|135.68|5401|41|0.00|12.00|0.00|0.00|0.00|0.00|0.00|0.00|0.00|
|C170|5|PROD006|EMBALAGEM PADRAO F|30.91|UN|245.15|5401|00|222.37|12.00|26.68|0.00|0.00|0.00|0.00|0.00|0.00|
|C100|1|0|12345678000195|55|00|000000193|000|03032024|05032024|21228.11|10540.98|1264.91|0.00|0.00|0.00|0.00|0.00|0.00|0.00|0|77788899000177|
|C170|1|PROD002|COMPONENTE ELETRICO B|47.97|UN|2155.82|6101|40|0.00|12.00|0.00|0.00|0.00|0.00|0.00|0.00|0.00|
|C170|2|PROD003|MATERIAL BRUTO C|26.12|UN|8263.27|6101|40|0.00|12.00|0.00|0.00|0.00|0.00|0.00|0.00|0.00|
|C170|3|PROD008|CONJUNTO MONTADO H|13.02|UN|9611.10|6101|00|9425.94|12.00|1131.11|0.00|0.00|0.00|0.00|0.00|0.00|
|C170|4|PROD005|INSUMO INDUSTRIAL E|34.24|UN|1197.92|6101|20|1115.04|12.00|133.80|0.00|0.00|0.00|0.00|0.00|0.00|
|C100|1|0|12345678000195|55|00|000000194|000|16032024|16032024|62009.10|45625.75|5475.09|0.00|0.00|0.00|0.00|0.00|0.00|0.00|0|22244466000133|
|C170|1|PROD008|CONJUNTO MONTADO H|44.27|UN|47339.76|5403|51|45625.75|12.00|5475.09|0.00|0.00|0.00|0.00|0.00|0.00|
|C170|2|PROD003|MATERIAL BRUTO C|46.14|UN|9939.54|5403|40|0.00|12.00|0.00|0.00|0.00|0.00|0.00|0.00|0.00|
|C170|3|PROD002|COMPONENTE ELETRICO B|13.38|UN|969.56|5403|60|0.00|12.00|0.00|0.00|0.00|0.00|0.00|0.00|0.00|
|C170|4|PROD001|PECA MECANICA TIPO A|33.25|UN|3760.24|5403|40|0.00|12.00|0.00|0.00|0.00|0.00|0.00|0.00|0.00|
|C100|1|0|12345678000195|55|00|000000195|000|11032024|11032024|5214.77|3832.94|459.96|0.00|0.00|0.00|0.00|0.00|0.00|0.00|0|55512312300010|
|C170|1|PROD007|PARTE SOBRESSALENTE G|8.65|UN|1128.22|5102|00|1107.88|12.00|132.95|0.00|0.00|0.00|0.00|0.00|0.00|
|C170|2|PROD001|PECA MECANICA TIPO A|10.98|UN|943.06|5102|30|0.00|12.00|0.00|0.00|0.00|0.00|0.00|0.00|0.00|
|C170|3|PROD001|PECA MECANICA TIPO A|26.36|UN|2975.63|5102|90|2558.56|12.00|307.03|0.00|0.00|0.00|0.00|0.00|0.00|
|C170|4|PROD005|INSUMO INDUSTRIAL E|8.81|UN|167.86|5102|00|166.50|12.00|19.98|0.00|0.00|0.00|0.00|0.00|0.00|
|C100|1|0|12345678000195|55|00|000000196|000|06032024|08032024|43247.80|37171.31|4460.56|0.00|0.00|0.00|0.00|0.00|0.00|0.00|0|99900011000155|
|C170|1|PROD003|MATERIAL BRUTO C|25.87|UN|7423.77|5401|10|6939.31|12.00|832.72|0.00|0.00|0.00|0.00|0.00|0.00|
|C170|2|PROD008|CONJUNTO MONTADO H|32.44|UN|33308.96|5401|00|28688.65|12.00|3442.64|0.00|0.00|0.00|0.00|0.00|0.00|
|C170|3|PROD006|EMBALAGEM PADRAO F|27.45|UN|218.52|5401|40|0.00|12.00|0.00|0.00|0.00|0.00|0.00|0.00|0.00|
|C170|4|PROD001|PECA MECANICA TIPO A|6.50|UN|598.30|5401|60|0.00|12.00|0.00|0.00|0.00|0.00|0.00|0.00|0.00|
|C170|5|PROD002|COMPONENTE ELETRICO B|43.07|UN|1698.25|5401|20|1543.35|12.00|185.20|0.00|0.00|0.00|0.00|0.00|0.00|
|C100|1|0|12345678000195|55|00|000000197|000|18032024|18032024|1356.04|762.71|91.53|0.00|0.00|0.00|0.00|0.00|0.00|0.00|0|55512312300010|
|C170|1|PROD007|PARTE SOBRESSALENTE G|6.88|UN|581.87|6101|41|0.00|12.00|0.00|0.00|0.00|0.00|0.00|0.00|0.00|
|C170|2|PROD002|COMPONENTE ELETRICO B|9.59|UN|774.17|6101|00|762.71|12.00|91.53|0.00|0.00|0.00|0.00|0.00|0.00|
|C100|1|0|12345678000195|55|00|000000198|000|09032024|11032024|33941.12|26492.99|3179.16|0.00|0.00|0.00|0.00|0.00|0.00|0.00|0|33366699000100|
|C170|1|PROD007|PARTE SOBRESSALENTE G|32.45|UN|3463.49|5102|30|0.00|12.00|0.00|0.00|0.00|0.00|0.00|0.00|0.00|
|C170|2|PROD004|PRODUTO ACABADO D|41.24|UN|30215.67|5102|00|26492.99|12.00|3179.16|0.00|0.00|0.00|0.00|0.00|0.00|
|C170|3|PROD006|EMBALAGEM PADRAO F|37.05|UN|261.96|5102|40|0.00|12.00|0.00|0.00|0.00|0.00|0.00|0.00|0.00|
|C100|1|0|12345678000195|55|00|000000199|000|10032024|11032024|3510.53|3237.29|388.48|0.00|0.00|0.00|0.00|0.00|0.00|0.00|0|77788899000177|
|C170|1|PROD002|COMPONENTE ELETRICO B|47.00|UN|1813.77|6102|00|1640.80|12.00|196.90|0.00|0.00|0.00|0.00|0.00|0.00|
|C170|2|PROD005|INSUMO INDUSTRIAL E|1.44|UN|43.01|6102|00|39.47|12.00|4.74|0.00|0.00|0.00|0.00|0.00|0.00|
|C170|3|PROD005|INSUMO INDUSTRIAL E|41.32|UN|1653.75|6102|00|1557.02|12.00|186.84|0.00|0.00|0.00|0.00|0.00|0.00|
|C100|1|0|12345678000195|55|00|000000200|000|01032024|02032024|33857.33|28883.03|3465.96|0.00|0.00|0.00|0.00|0.00|0.00|0.00|0|22244466000133|
|C170|1|PROD004|PRODUTO ACABADO D|38.48|UN|31977.53|5401|00|28883.03|12.00|3465.96|0.00|0.00|0.00|0.00|0.00|0.00|
|C170|2|PROD002|COMPONENTE ELETRICO B|35.22|UN|1879.80|5401|30|0.00|12.00|0.00|0.00|0.00|0.00|0.00|0.00|0.00|
|C100|1|0|12345678000195|55|00|000000201|000|23032024|26032024|10819.16|265.47|31.86|0.00|0.00|0.00|0.00|0.00|0.00|0.00|0|55512312300010|
|C170|1|PROD006|EMBALAGEM PADRAO F|41.53|UN|286.53|5401|51|265.47|12.00|31.86|0.00|0.00|0.00|0.00|0.00|0.00|
|C170|2|PROD008|CONJUNTO MONTADO H|8.20|UN|7759.20|5401|40|0.00|12.00|0.00|0.00|0.00|0.00|0.00|0.00|0.00|
|C170|3|PROD007|PARTE SOBRESSALENTE G|23.14|UN|2773.43|5401|30|0.00|12.00|0.00|0.00|0.00|0.00|0.00|0.00|0.00|
|C100|1|0|12345678000195|55|00|000000202|000|31032024|03042024|62730.79|58665.32|7039.84|0.00|0.00|0.00|0.00|0.00|0.00|0.00|0|33366699000100|
|C170|1|PROD008|CONJUNTO MONTADO H|12.31|UN|8948.26|5403|20|8228.27|12.00|987.39|0.00|0.00|0.00|0.00|0.00|0.00|
|C170|2|PROD008|CONJUNTO MONTADO H|39.00|UN|53782.53|5403|20|50437.05|12.00|6052.45|0.00|0.00|0.00|0.00|0.00|0.00|
|C100|1|0|12345678000195|55|00|000000203|000|12032024|14032024|56005.24|50404.39|6048.52|0.00|0.00|0.00|0.00|0.00|0.00|0.00|0|77788899000177|
|C170|1|PROD008|CONJUNTO MONTADO H|37.68|UN|51462.40|6101|00|47791.34|12.00|5734.96|0.00|0.00|0.00|0.00|0.00|0.00|
|C170|2|PROD007|PARTE SOBRESSALENTE G|10.04|UN|1575.43|6101|40|0.00|12.00|0.00|0.00|0.00|0.00|0.00|0.00|0.00|
|C170|3|PROD006|EMBALAGEM PADRAO F|7.31|UN|56.23|6101|10|55.95|12.00|6.71|0.00|0.00|0.00|0.00|0.00|0.00|
|C170|4|PROD002|COMPONENTE ELETRICO B|47.48|UN|2911.18|6101|20|2557.10|12.00|306.85|0.00|0.00|0.00|0.00|0.00|0.00|
|C100|1|0|12345678000195|55|00|000000204|000|13032024|14032024|9447.92|1218.34|146.20|0.00|0.00|0.00|0.00|0.00|0.00|0.00|0|33366699000100|
|C170|1|PROD007|PARTE SOBRESSALENTE G|24.40|UN|3849.69|6101|40|0.00|12.00|0.00|0.00|0.00|0.00|0.00|0.00|0.00|
|C170|2|PROD006|EMBALAGEM PADRAO F|23.74|UN|201.04|6101|40|0.00|12.00|0.00|0.00|0.00|0.00|0.00|0.00|0.00|
|C170|3|PROD002|COMPONENTE ELETRICO B|19.24|UN|1403.27|6101|00|1218.34|12.00|146.20|0.00|0.00|0.00|0.00|0.00|0.00|
|C170|4|PROD003|MATERIAL BRUTO C|13.49|UN|3046.49|6101|30|0.00|12.00|0.00|0.00|0.00|0.00|0.00|0.00|0.00|
|C170|5|PROD005|INSUMO INDUSTRIAL E|43.48|UN|947.43|6101|40|0.00|12.00|0.00|0.00|0.00|0.00|0.00|0.00|0.00|
|C100|1|0|12345678000195|55|00|000000205|000|04032024|06032024|50551.88|43031.29|5163.75|0.00|0.00|0.00|0.00|0.00|0.00|0.00|0|77788899000177|
|C170|1|PROD005|INSUMO INDUSTRIAL E|20.72|UN|327.17|5102|60|0.00|12.00|0.00|0.00|0.00|0.00|0.00|0.00|0.00|
|C170|2|PROD002|COMPONENTE ELETRICO B|15.19|UN|497.17|5102|90|474.68|12.00|56.96|0.00|0.00|0.00|0.00|0.00|0.00|
|C170|3|PROD007|PARTE SOBRESSALENTE G|46.57|UN|4272.06|5102|40|0.00|12.00|0.00|0.00|0.00|0.00|0.00|0.00|0.00|
|C170|4|PROD001|PECA MECANICA TIPO A|37.60|UN|2057.26|5102|41|0.00|12.00|0.00|0.00|0.00|0.00|0.00|0.00|0.00|
|C170|5|PROD008|CONJUNTO MONTADO H|37.32|UN|43398.22|5102|51|42556.61|12.00|5106.79|0.00|0.00|0.00|0.00|0.00|0.00|
|C100|1|0|12345678000195|55|00|000000206|000|03032024|04032024|2374.49|2339.28|280.71|0.00|0.00|0.00|0.00|0.00|0.00|0.00|0|99900011000155|
|C170|1|PROD001|PECA MECANICA TIPO A|26.31|UN|2374.49|5401|10|2339.28|12.00|280.71|0.00|0.00|0.00|0.00|0.00|0.00|
|C100|1|0|12345678000195|55|00|000000207|000|16032024|17032024|30314.81|133.27|15.99|0.00|0.00|0.00|0.00|0.00|0.00|0.00|0|99900011000155|
|C170|1|PROD005|INSUMO INDUSTRIAL E|37.37|UN|1233.65|5101|40|0.00|12.00|0.00|0.00|0.00|0.00|0.00|0.00|0.00|
|C170|2|PROD004|PRODUTO ACABADO D|15.55|UN|7857.73|5101|40|0.00|12.00|0.00|0.00|0.00|0.00|0.00|0.00|0.00|
|C170|3|PROD003|MATERIAL BRUTO C|35.76|UN|7964.20|5101|30|0.00|12.00|0.00|0.00|0.00|0.00|0.00|0.00|0.00|
|C170|4|PROD006|EMBALAGEM PADRAO F|12.44|UN|134.63|5101|00|133.27|12.00|15.99|0.00|0.00|0.00|0.00|0.00|0.00|
|C170|5|PROD003|MATERIAL BRUTO C|49.67|UN|13124.60|5101|70|0.00|12.00|0.00|0.00|0.00|0.00|0.00|0.00|0.00|
|C100|1|0|12345678000195|55|00|000000208|000|20032024|22032024|93264.13|87870.16|10544.42|0.00|0.00|0.00|0.00|0.00|0.00|0.00|0|55512312300010|
|C170|1|PROD004|PRODUTO ACABADO D|46.14|UN|44752.11|6101|00|44669.79|12.00|5360.37|0.00|0.00|0.00|0.00|0.00|0.00|
|C170|2|PROD008|CONJUNTO MONTADO H|19.13|UN|20542.10|6101|51|17723.24|12.00|2126.79|0.00|0.00|0.00|0.00|0.00|0.00|
|C170|3|PROD005|INSUMO INDUSTRIAL E|33.28|UN|720.29|6101|70|0.00|12.00|0.00|0.00|0.00|0.00|0.00|0.00|0.00|
|C170|4|PROD008|CONJUNTO MONTADO H|22.98|UN|22656.90|6101|00|21046.65|12.00|2525.60|0.00|0.00|0.00|0.00|0.00|0.00|
|C170|5|PROD007|PARTE SOBRESSALENTE G|29.02|UN|4592.73|6101|00|4430.48|12.00|531.66|0.00|0.00|0.00|0.00|0.00|0.00|
|C100|1|0|12345678000195|55|00|000000209|000|28032024|28032024|10899.21|1854.75|222.57|0.00|0.00|0.00|0.00|0.00|0.00|0.00|0|33366699000100|
|C170|1|PROD007|PARTE SOBRESSALENTE G|13.62|UN|1864.72|5401|10|1854.75|12.00|222.57|0.00|0.00|0.00|0.00|0.00|0.00|
|C170|2|PROD003|MATERIAL BRUTO C|33.18|UN|9034.49|5401|40|0.00|12.00|0.00|0.00|0.00|0.00|0.00|0.00|0.00|
|C100|1|0|12345678000195|55|00|000000210|000|04032024|04032024|58737.81|26251.39|3150.16|0.00|0.00|0.00|0.00|0.00|0.00|0.00|0|22244466000133|
|C170|1|PROD004|PRODUTO ACABADO D|48.56|UN|25729.16|5101|20|24793.53|12.00|2975.22|0.00|0.00|0.00|0.00|0.00|0.00|
|C170|2|PROD002|COMPONENTE ELETRICO B|38.33|UN|1527.75|5101|00|1457.86|12.00|174.94|0.00|0.00|0.00|0.00|0.00|0.00|
|C170|3|PROD002|COMPONENTE ELETRICO B|41.83|UN|2967.21|5101|40|0.00|12.00|0.00|0.00|0.00|0.00|0.00|0.00|0.00|
|C170|4|PROD004|PRODUTO ACABADO D|36.39|UN|28513.69|5101|30|0.00|12.00|0.00|0.00|0.00|0.00|0.00|0.00|0.00|
|C100|1|0|12345678000195|55|00|000000211|000|07032024|10032024|6220.67|5703.94|684.47|0.00|0.00|0.00|0.00|0.00|0.00|0.00|0|77788899000177|
|C170|1|PROD003|MATERIAL BRUTO C|15.40|UN|5382.23|5101|00|4937.03|12.00|592.44|0.00|0.00|0.00|0.00|0.00|0.00|
|C170|2|PROD002|COMPONENTE ELETRICO B|27.95|UN|838.44|5101|00|766.91|12.00|92.03|0.00|0.00|0.00|0.00|0.00|0.00|
|C100|1|0|12345678000195|55|00|000000212|000|24032024|27032024|10907.01|0.00|0.00|0.00|0.00|0.00|0.00|0.00|0.00|0.00|0|22244466000133|
|C170|1|PROD003|MATERIAL BRUTO C|48.47|UN|9730.32|5102|50|0.00|12.00|0.00|0.00|0.00|0.00|0.00|0.00|0.00|
|C170|2|PROD001|PECA MECANICA TIPO A|21.26|UN|1176.69|5102|41|0.00|12.00|0.00|0.00|0.00|0.00|0.00|0.00|0.00|
|C100|1|0|12345678000195|55|00|000000213|000|26032024|29032024|45036.81|38888.13|4666.58|0.00|0.00|0.00|0.00|0.00|0.00|0.00|0|55512312300010|
|C170|1|PROD008|CONJUNTO MONTADO H|34.72|UN|45036.81|6102|90|38888.13|12.00|4666.58|0.00|0.00|0.00|0.00|0.00|0.00|
|C100|1|0|12345678000195|55|00|000000214|000|31032024|01042024|62574.57|9863.00|1183.56|0.00|0.00|0.00|0.00|0.00|0.00|0.00|0|77788899000177|
|C170|1|PROD003|MATERIAL BRUTO C|40.88|UN|11600.55|6101|10|9863.00|12.00|1183.56|0.00|0.00|0.00|0.00|0.00|0.00|
|C170|2|PROD003|MATERIAL BRUTO C|17.97|UN|5594.06|6101|40|0.00|12.00|0.00|0.00|0.00|0.00|0.00|0.00|0.00|
|C170|3|PROD004|PRODUTO ACABADO D|40.58|UN|26541.75|6101|50|0.00|12.00|0.00|0.00|0.00|0.00|0.00|0.00|0.00|
|C170|4|PROD008|CONJUNTO MONTADO H|13.77|UN|16560.43|6101|40|0.00|12.00|0.00|0.00|0.00|0.00|0.00|0.00|0.00|
|C170|5|PROD001|PECA MECANICA TIPO A|33.78|UN|2277.78|6101|40|0.00|12.00|0.00|0.00|0.00|0.00|0.00|0.00|0.00|
|C100|1|0|12345678000195|55|00|000000215|000|02032024|05032024|104.44|0.00|0.00|0.00|0.00|0.00|0.00|0.00|0.00|0.00|0|22244466000133|
|C170|1|PROD001|PECA MECANICA TIPO A|1.55|UN|104.44|5403|50|0.00|12.00|0.00|0.00|0.00|0.00|0.00|0.00|0.00|
|C100|1|0|12345678000195|55|00|000000216|000|23032024|25032024|9967.41|136.20|16.34|0.00|0.00|0.00|0.00|0.00|0.00|0.00|0|55512312300010|
|C170|1|PROD001|PECA MECANICA TIPO A|38.30|UN|3534.34|5401|41|0.00|12.00|0.00|0.00|0.00|0.00|0.00|0.00|0.00|
|C170|2|PROD003|MATERIAL BRUTO C|27.75|UN|6291.98|5401|50|0.00|12.00|0.00|0.00|0.00|0.00|0.00|0.00|0.00|
|C170|3|PROD001|PECA MECANICA TIPO A|2.18|UN|141.09|5401|10|136.20|12.00|16.34|0.00|0.00|0.00|0.00|0.00|0.00|
|C100|1|0|12345678000195|55|00|000000217|000|08032024|10032024|47854.92|43333.32|5200.01|0.00|0.00|0.00|0.00|0.00|0.00|0.00|0|55512312300010|
|C170|1|PROD004|PRODUTO ACABADO D|22.80|UN|17311.97|6101|00|15550.55|12.00|1866.07|0.00|0.00|0.00|0.00|0.00|0.00|
|C170|2|PROD008|CONJUNTO MONTADO H|30.80|UN|28842.30|6101|90|26169.21|12.00|3140.31|0.00|0.00|0.00|0.00|0.00|0.00|
|C170|3|PROD006|EMBALAGEM PADRAO F|34.91|UN|348.05|6101|00|306.48|12.00|36.78|0.00|0.00|0.00|0.00|0.00|0.00|
|C170|4|PROD006|EMBALAGEM PADRAO F|12.60|UN|126.63|6101|00|108.69|12.00|13.04|0.00|0.00|0.00|0.00|0.00|0.00|
|C170|5|PROD001|PECA MECANICA TIPO A|10.30|UN|1225.97|6101|00|1198.39|12.00|143.81|0.00|0.00|0.00|0.00|0.00|0.00|
|C100|1|0|12345678000195|55|00|000000218|000|30032024|30032024|8733.89|8120.25|974.44|0.00|0.00|0.00|0.00|0.00|0.00|0.00|0|99900011000155|
|C170|1|PROD001|PECA MECANICA TIPO A|48.47|UN|4447.79|5403|00|4233.96|12.00|508.08|0.00|0.00|0.00|0.00|0.00|0.00|
|C170|2|PROD006|EMBALAGEM PADRAO F|6.76|UN|66.89|5403|00|65.28|12.00|7.83|0.00|0.00|0.00|0.00|0.00|0.00|
|C170|3|PROD005|INSUMO INDUSTRIAL E|41.29|UN|1321.00|5403|90|1294.38|12.00|155.33|0.00|0.00|0.00|0.00|0.00|0.00|
|C170|4|PROD004|PRODUTO ACABADO D|4.86|UN|2898.21|5403|51|2526.63|12.00|303.20|0.00|0.00|0.00|0.00|0.00|0.00|
|C100|1|0|12345678000195|55|00|000000219|000|13032024|13032024|2193.68|1964.11|235.69|0.00|0.00|0.00|0.00|0.00|0.00|0.00|0|22244466000133|
|C170|1|PROD005|INSUMO INDUSTRIAL E|17.80|UN|651.77|5101|00|618.35|12.00|74.20|0.00|0.00|0.00|0.00|0.00|0.00|
|C170|2|PROD005|INSUMO INDUSTRIAL E|6.46|UN|211.37|5101|00|211.19|12.00|25.34|0.00|0.00|0.00|0.00|0.00|0.00|
|C170|3|PROD005|INSUMO INDUSTRIAL E|40.14|UN|1330.54|5101|00|1134.57|12.00|136.15|0.00|0.00|0.00|0.00|0.00|0.00|
|C100|1|0|12345678000195|55|00|000000220|000|20032024|23032024|32133.61|29628.38|3555.41|0.00|0.00|0.00|0.00|0.00|0.00|0.00|0|77788899000177|
|C170|1|PROD004|PRODUTO ACABADO D|47.65|UN|32133.61|6102|00|29628.38|12.00|3555.41|0.00|0.00|0.00|0.00|0.00|0.00|
|C100|1|0|12345678000195|55|00|000000221|000|28032024|29032024|5568.60|0.00|0.00|0.00|0.00|0.00|0.00|0.00|0.00|0.00|0|55512312300010|
|C170|1|PROD001|PECA MECANICA TIPO A|15.17|UN|1550.93|6102|50|0.00|12.00|0.00|0.00|0.00|0.00|0.00|0.00|0.00|
|C170|2|PROD007|PARTE SOBRESSALENTE G|29.04|UN|4017.67|6102|40|0.00|12.00|0.00|0.00|0.00|0.00|0.00|0.00|0.00|
|C100|1|0|12345678000195|55|00|000000222|000|29032024|01042024|8404.84|3034.99|364.19|0.00|0.00|0.00|0.00|0.00|0.00|0.00|0|22244466000133|
|C170|1|PROD002|COMPONENTE ELETRICO B|29.23|UN|2361.02|5403|10|2352.60|12.00|282.31|0.00|0.00|0.00|0.00|0.00|0.00|
|C170|2|PROD004|PRODUTO ACABADO D|7.76|UN|5308.98|5403|40|0.00|12.00|0.00|0.00|0.00|0.00|0.00|0.00|0.00|
|C170|3|PROD002|COMPONENTE ELETRICO B|15.76|UN|585.29|5403|20|546.27|12.00|65.55|0.00|0.00|0.00|0.00|0.00|0.00|
|C170|4|PROD006|EMBALAGEM PADRAO F|22.97|UN|149.55|5403|10|136.12|12.00|16.33|0.00|0.00|0.00|0.00|0.00|0.00|
|C100|1|0|12345678000195|55|00|000000223|000|30032024|30032024|25232.94|1080.93|129.71|0.00|0.00|0.00|0.00|0.00|0.00|0.00|0|33366699000100|
|C170|1|PROD001|PECA MECANICA TIPO A|22.27|UN|1126.39|5403|00|1080.93|12.00|129.71|0.00|0.00|0.00|0.00|0.00|0.00|
|C170|2|PROD004|PRODUTO ACABADO D|44.47|UN|24106.55|5403|40|0.00|12.00|0.00|0.00|0.00|0.00|0.00|0.00|0.00|
|C100|1|0|12345678000195|55|00|000000224|000|27032024|27032024|8180.79|6612.72|793.52|0.00|0.00|0.00|0.00|0.00|0.00|0.00|0|33366699000100|
|C170|1|PROD005|INSUMO INDUSTRIAL E|9.08|UN|333.73|6101|00|285.11|12.00|34.21|0.00|0.00|0.00|0.00|0.00|0.00|
|C170|2|PROD001|PECA MECANICA TIPO A|18.88|UN|974.62|6101|00|851.54|12.00|102.18|0.00|0.00|0.00|0.00|0.00|0.00|
|C170|3|PROD002|COMPONENTE ELETRICO B|10.80|UN|884.14|6101|41|0.00|12.00|0.00|0.00|0.00|0.00|0.00|0.00|0.00|
|C170|4|PROD001|PECA MECANICA TIPO A|28.85|UN|2848.66|6101|10|2787.76|12.00|334.53|0.00|0.00|0.00|0.00|0.00|0.00|
|C170|5|PROD001|PECA MECANICA TIPO A|29.15|UN|3139.64|6101|90|2688.31|12.00|322.60|0.00|0.00|0.00|0.00|0.00|0.00|
|C100|1|0|12345678000195|55|00|000000225|000|23032024|26032024|28002.22|19687.80|2362.54|0.00|0.00|0.00|0.00|0.00|0.00|0.00|0|99900011000155|
|C170|1|PROD007|PARTE SOBRESSALENTE G|45.94|UN|7158.08|5101|70|0.00|12.00|0.00|0.00|0.00|0.00|0.00|0.00|0.00|
|C170|2|PROD004|PRODUTO ACABADO D|33.42|UN|20844.14|5101|00|19687.80|12.00|2362.54|0.00|0.00|0.00|0.00|0.00|0.00|
|C100|1|0|12345678000195|55|00|000000226|000|02032024|04032024|30272.03|20148.50|2417.81|0.00|0.00|0.00|0.00|0.00|0.00|0.00|0|77788899000177|
|C170|1|PROD008|CONJUNTO MONTADO H|7.09|UN|5045.96|5401|40|0.00|12.00|0.00|0.00|0.00|0.00|0.00|0.00|0.00|
|C170|2|PROD003|MATERIAL BRUTO C|36.20|UN|10472.30|5401|10|9451.86|12.00|1134.22|0.00|0.00|0.00|0.00|0.00|0.00|
|C170|3|PROD003|MATERIAL BRUTO C|11.36|UN|3781.31|5401|50|0.00|12.00|0.00|0.00|0.00|0.00|0.00|0.00|0.00|
|C170|4|PROD003|MATERIAL BRUTO C|38.34|UN|9958.18|5401|20|9759.45|12.00|1171.13|0.00|0.00|0.00|0.00|0.00|0.00|
|C170|5|PROD005|INSUMO INDUSTRIAL E|30.26|UN|1014.28|5401|00|937.19|12.00|112.46|0.00|0.00|0.00|0.00|0.00|0.00|
|C100|1|0|12345678000195|55|00|000000227|000|02032024|04032024|20303.18|7098.96|851.88|0.00|0.00|0.00|0.00|0.00|0.00|0.00|0|22244466000133|
|C170|1|PROD004|PRODUTO ACABADO D|21.58|UN|12235.43|6102|30|0.00|12.00|0.00|0.00|0.00|0.00|0.00|0.00|0.00|
|C170|2|PROD002|COMPONENTE ELETRICO B|2.49|UN|76.27|6102|20|72.16|12.00|8.66|0.00|0.00|0.00|0.00|0.00|0.00|
|C170|3|PROD007|PARTE SOBRESSALENTE G|38.13|UN|5801.25|6102|20|5045.13|12.00|605.42|0.00|0.00|0.00|0.00|0.00|0.00|
|C170|4|PROD001|PECA MECANICA TIPO A|18.31|UN|2190.23|6102|10|1981.67|12.00|237.80|0.00|0.00|0.00|0.00|0.00|0.00|
|C100|1|0|12345678000195|55|00|000000228|000|12032024|13032024|1238.95|0.00|0.00|0.00|0.00|0.00|0.00|0.00|0.00|0.00|0|55512312300010|
|C170|1|PROD001|PECA MECANICA TIPO A|12.29|UN|1238.95|6102|70|0.00|12.00|0.00|0.00|0.00|0.00|0.00|0.00|0.00|
|C100|1|0|12345678000195|55|00|000000229|000|16032024|16032024|7356.45|1561.23|187.35|0.00|0.00|0.00|0.00|0.00|0.00|0.00|0|22244466000133|
|C170|1|PROD001|PECA MECANICA TIPO A|9.78|UN|696.16|5401|00|653.42|12.00|78.41|0.00|0.00|0.00|0.00|0.00|0.00|
|C170|2|PROD005|INSUMO INDUSTRIAL E|16.07|UN|487.14|5401|00|441.50|12.00|52.98|0.00|0.00|0.00|0.00|0.00|0.00|
|C170|3|PROD005|INSUMO INDUSTRIAL E|13.95|UN|489.82|5401|00|466.31|12.00|55.96|0.00|0.00|0.00|0.00|0.00|0.00|
|C170|4|PROD003|MATERIAL BRUTO C|16.67|UN|5683.33|5401|60|0.00|12.00|0.00|0.00|0.00|0.00|0.00|0.00|0.00|
|C100|1|0|12345678000195|55|00|000000230|000|02032024|04032024|65068.39|55911.92|6709.43|0.00|0.00|0.00|0.00|0.00|0.00|0.00|0|99900011000155|
|C170|1|PROD001|PECA MECANICA TIPO A|26.71|UN|2411.74|6102|10|2398.87|12.00|287.86|0.00|0.00|0.00|0.00|0.00|0.00|
|C170|2|PROD008|CONJUNTO MONTADO H|46.90|UN|60657.18|6102|20|53513.05|12.00|6421.57|0.00|0.00|0.00|0.00|0.00|0.00|
|C170|3|PROD001|PECA MECANICA TIPO A|17.18|UN|1922.91|6102|40|0.00|12.00|0.00|0.00|0.00|0.00|0.00|0.00|0.00|
|C170|4|PROD006|EMBALAGEM PADRAO F|10.55|UN|76.56|6102|40|0.00|12.00|0.00|0.00|0.00|0.00|0.00|0.00|0.00|
|C100|1|0|12345678000195|55|00|000000231|000|21032024|24032024|101532.32|29517.09|3542.05|0.00|0.00|0.00|0.00|0.00|0.00|0.00|0|33366699000100|
|C170|1|PROD008|CONJUNTO MONTADO H|49.70|UN|58933.19|5403|50|0.00|12.00|0.00|0.00|0.00|0.00|0.00|0.00|0.00|
|C170|2|PROD003|MATERIAL BRUTO C|40.26|UN|8588.50|5403|00|8402.39|12.00|1008.29|0.00|0.00|0.00|0.00|0.00|0.00|
|C170|3|PROD004|PRODUTO ACABADO D|40.48|UN|22188.30|5403|00|18945.04|12.00|2273.40|0.00|0.00|0.00|0.00|0.00|0.00|
|C170|4|PROD007|PARTE SOBRESSALENTE G|18.63|UN|2219.50|5403|00|2169.66|12.00|260.36|0.00|0.00|0.00|0.00|0.00|0.00|
|C170|5|PROD008|CONJUNTO MONTADO H|8.04|UN|9602.83|5403|40|0.00|12.00|0.00|0.00|0.00|0.00|0.00|0.00|0.00|
|C100|1|0|12345678000195|55|00|000000232|000|26032024|27032024|55805.55|54128.60|6495.43|0.00|0.00|0.00|0.00|0.00|0.00|0.00|0|77788899000177|
|C170|1|PROD008|CONJUNTO MONTADO H|7.54|UN|6540.76|5102|00|5946.97|12.00|713.64|0.00|0.00|0.00|0.00|0.00|0.00|
|C170|2|PROD004|PRODUTO ACABADO D|40.39|UN|38888.05|5102|10|38068.29|12.00|4568.19|0.00|0.00|0.00|0.00|0.00|0.00|
|C170|3|PROD003|MATERIAL BRUTO C|32.98|UN|7874.60|5102|20|7778.27|12.00|933.39|0.00|0.00|0.00|0.00|0.00|0.00|
|C170|4|PROD002|COMPONENTE ELETRICO B|31.48|UN|2171.84|5102|00|2020.33|12.00|242.44|0.00|0.00|0.00|0.00|0.00|0.00|
|C170|5|PROD005|INSUMO INDUSTRIAL E|17.57|UN|330.30|5102|00|314.74|12.00|37.77|0.00|0.00|0.00|0.00|0.00|0.00|
|C100|1|0|12345678000195|55|00|000000233|000|19032024|19032024|2059.67|0.00|0.00|0.00|0.00|0.00|0.00|0.00|0.00|0.00|0|55512312300010|
|C170|1|PROD001|PECA MECANICA TIPO A|31.23|UN|2059.67|5401|41|0.00|12.00|0.00|0.00|0.00|0.00|0.00|0.00|0.00|
|C100|1|0|12345678000195|55|00|000000234|000|09032024|11032024|34381.27|4675.08|561.01|0.00|0.00|0.00|0.00|0.00|0.00|0.00|0|99900011000155|
|C170|1|PROD008|CONJUNTO MONTADO H|4.46|UN|4967.06|5102|00|4675.08|12.00|561.01|0.00|0.00|0.00|0.00|0.00|0.00|
|C170|2|PROD004|PRODUTO ACABADO D|40.19|UN|29414.21|5102|50|0.00|12.00|0.00|0.00|0.00|0.00|0.00|0.00|0.00|
|C100|1|0|12345678000195|55|00|000000235|000|11032024|13032024|25004.79|0.00|0.00|0.00|0.00|0.00|0.00|0.00|0.00|0.00|0|55512312300010|
|C170|1|PROD002|COMPONENTE ELETRICO B|22.69|UN|1225.04|6102|40|0.00|12.00|0.00|0.00|0.00|0.00|0.00|0.00|0.00|
|C170|2|PROD004|PRODUTO ACABADO D|31.49|UN|18796.56|6102|70|0.00|12.00|0.00|0.00|0.00|0.00|0.00|0.00|0.00|
|C170|3|PROD008|CONJUNTO MONTADO H|7.09|UN|4983.19|6102|50|0.00|12.00|0.00|0.00|0.00|0.00|0.00|0.00|0.00|
|C100|1|0|12345678000195|55|00|000000236|000|08032024|09032024|6170.20|5341.98|641.04|0.00|0.00|0.00|0.00|0.00|0.00|0.00|0|33366699000100|
|C170|1|PROD002|COMPONENTE ELETRICO B|49.65|UN|3468.69|6102|00|3015.13|12.00|361.82|0.00|0.00|0.00|0.00|0.00|0.00|
|C170|2|PROD007|PARTE SOBRESSALENTE G|23.02|UN|2701.51|6102|00|2326.85|12.00|279.22|0.00|0.00|0.00|0.00|0.00|0.00|
|C100|1|0|12345678000195|55|00|000000237|000|23032024|23032024|7436.48|6617.69|794.12|0.00|0.00|0.00|0.00|0.00|0.00|0.00|0|99900011000155|
|C170|1|PROD008|CONJUNTO MONTADO H|1.17|UN|1275.33|5403|00|1156.43|12.00|138.77|0.00|0.00|0.00|0.00|0.00|0.00|
|C170|2|PROD006|EMBALAGEM PADRAO F|2.69|UN|25.04|5403|00|23.17|12.00|2.78|0.00|0.00|0.00|0.00|0.00|0.00|
|C170|3|PROD001|PECA MECANICA TIPO A|15.91|UN|1497.10|5403|00|1457.60|12.00|174.91|0.00|0.00|0.00|0.00|0.00|0.00|
|C170|4|PROD007|PARTE SOBRESSALENTE G|32.38|UN|4639.01|5403|00|3980.49|12.00|477.66|0.00|0.00|0.00|0.00|0.00|0.00|
|C100|1|0|12345678000195|55|00|000000238|000|09032024|09032024|42272.05|4718.69|566.24|0.00|0.00|0.00|0.00|0.00|0.00|0.00|0|22244466000133|
|C170|1|PROD004|PRODUTO ACABADO D|21.59|UN|14643.69|6102|60|0.00|12.00|0.00|0.00|0.00|0.00|0.00|0.00|0.00|
|C170|2|PROD007|PARTE SOBRESSALENTE G|42.25|UN|4832.67|6102|00|4718.69|12.00|566.24|0.00|0.00|0.00|0.00|0.00|0.00|
|C170|3|PROD005|INSUMO INDUSTRIAL E|13.01|UN|337.35|6102|50|0.00|12.00|0.00|0.00|0.00|0.00|0.00|0.00|0.00|
|C170|4|PROD004|PRODUTO ACABADO D|33.46|UN|22458.34|6102|50|0.00|12.00|0.00|0.00|0.00|0.00|0.00|0.00|0.00|
|C100|1|0|12345678000195|55|00|000000239|000|29032024|31032024|5672.89|5320.77|638.49|0.00|0.00|0.00|0.00|0.00|0.00|0.00|0|22244466000133|
|C170|1|PROD003|MATERIAL BRUTO C|22.94|UN|5672.89|5403|20|5320.77|12.00|638.49|0.00|0.00|0.00|0.00|0.00|0.00|
|C100|1|0|12345678000195|55|00|000000240|000|17032024|18032024|8554.94|7444.75|893.37|0.00|0.00|0.00|0.00|0.00|0.00|0.00|0|55512312300010|
|C170|1|PROD006|EMBALAGEM PADRAO F|30.31|UN|167.92|6101|40|0.00|12.00|0.00|0.00|0.00|0.00|0.00|0.00|0.00|
|C170|2|PROD006|EMBALAGEM PADRAO F|35.60|UN|284.42|6101|40|0.00|12.00|0.00|0.00|0.00|0.00|0.00|0.00|0.00|
|C170|3|PROD007|PARTE SOBRESSALENTE G|31.39|UN|3302.33|6101|10|3236.34|12.00|388.36|0.00|0.00|0.00|0.00|0.00|0.00|
|C170|4|PROD006|EMBALAGEM PADRAO F|30.26|UN|320.80|6101|00|312.31|12.00|37.48|0.00|0.00|0.00|0.00|0.00|0.00|
|C170|5|PROD007|PARTE SOBRESSALENTE G|38.98|UN|4479.47|6101|00|3896.10|12.00|467.53|0.00|0.00|0.00|0.00|0.00|0.00|
|C100|1|0|12345678000195|55|00|000000241|000|19032024|21032024|522.62|0.00|0.00|0.00|0.00|0.00|0.00|0.00|0.00|0.00|0|77788899000177|
|C170|1|PROD002|COMPONENTE ELETRICO B|8.69|UN|522.62|5403|40|0.00|12.00|0.00|0.00|0.00|0.00|0.00|0.00|0.00|
|C100|1|0|12345678000195|55|00|000000242|000|26032024|26032024|5142.31|4383.52|526.02|0.00|0.00|0.00|0.00|0.00|0.00|0.00|0|99900011000155|
|C170|1|PROD003|MATERIAL BRUTO C|15.13|UN|5142.31|6102|00|4383.52|12.00|526.02|0.00|0.00|0.00|0.00|0.00|0.00|
|C100|1|0|12345678000195|55|00|000000243|000|06032024|09032024|3962.10|0.00|0.00|0.00|0.00|0.00|0.00|0.00|0.00|0.00|0|55512312300010|
|C170|1|PROD002|COMPONENTE ELETRICO B|29.99|UN|1775.53|5403|60|0.00|12.00|0.00|0.00|0.00|0.00|0.00|0.00|0.00|
|C170|2|PROD002|COMPONENTE ELETRICO B|47.01|UN|2186.57|5403|50|0.00|12.00|0.00|0.00|0.00|0.00|0.00|0.00|0.00|
|C100|1|0|12345678000195|55|00|000000244|000|11032024|14032024|3766.39|3167.80|380.13|0.00|0.00|0.00|0.00|0.00|0.00|0.00|0|77788899000177|
|C170|1|PROD006|EMBALAGEM PADRAO F|25.56|UN|153.09|6102|90|134.83|12.00|16.18|0.00|0.00|0.00|0.00|0.00|0.00|
|C170|2|PROD006|EMBALAGEM PADRAO F|26.77|UN|236.08|6102|20|212.35|12.00|25.48|0.00|0.00|0.00|0.00|0.00|0.00|
|C170|3|PROD001|PECA MECANICA TIPO A|27.79|UN|3038.40|6102|00|2820.62|12.00|338.47|0.00|0.00|0.00|0.00|0.00|0.00|
|C170|4|PROD005|INSUMO INDUSTRIAL E|19.84|UN|338.82|6102|40|0.00|12.00|0.00|0.00|0.00|0.00|0.00|0.00|0.00|
|C100|1|0|12345678000195|55|00|000000245|000|19032024|21032024|64836.72|60253.75|7230.45|0.00|0.00|0.00|0.00|0.00|0.00|0.00|0|33366699000100|
|C170|1|PROD004|PRODUTO ACABADO D|48.65|UN|46943.35|5403|10|45204.37|12.00|5424.52|0.00|0.00|0.00|0.00|0.00|0.00|
|C170|2|PROD008|CONJUNTO MONTADO H|16.90|UN|16901.80|5403|20|15049.38|12.00|1805.93|0.00|0.00|0.00|0.00|0.00|0.00|
|C170|3|PROD005|INSUMO INDUSTRIAL E|38.98|UN|991.57|5403|60|0.00|12.00|0.00|0.00|0.00|0.00|0.00|0.00|0.00|
|C100|1|0|12345678000195|55|00|000000246|000|08032024|08032024|11942.99|7537.42|904.49|0.00|0.00|0.00|0.00|0.00|0.00|0.00|0|99900011000155|
|C170|1|PROD002|COMPONENTE ELETRICO B|3.91|UN|306.39|6101|20|278.09|12.00|33.37|0.00|0.00|0.00|0.00|0.00|0.00|
|C170|2|PROD004|PRODUTO ACABADO D|7.49|UN|4099.68|6101|10|4038.72|12.00|484.65|0.00|0.00|0.00|0.00|0.00|0.00|
|C170|3|PROD001|PECA MECANICA TIPO A|36.89|UN|3611.90|6101|20|3220.61|12.00|386.47|0.00|0.00|0.00|0.00|0.00|0.00|
|C170|4|PROD007|PARTE SOBRESSALENTE G|25.46|UN|3925.02|6101|70|0.00|12.00|0.00|0.00|0.00|0.00|0.00|0.00|0.00|
|C100|1|0|12345678000195|55|00|000000247|000|11032024|13032024|25326.30|23503.62|2820.43|0.00|0.00|0.00|0.00|0.00|0.00|0.00|0|33366699000100|
|C170|1|PROD001|PECA MECANICA TIPO A|22.12|UN|1114.70|5403|00|1035.07|12.00|124.21|0.00|0.00|0.00|0.00|0.00|0.00|
|C170|2|PROD008|CONJUNTO MONTADO H|17.54|UN|21940.81|5403|20|20397.12|12.00|2447.65|0.00|0.00|0.00|0.00|0.00|0.00|
|C170|3|PROD003|MATERIAL BRUTO C|7.51|UN|2270.79|5403|10|2071.43|12.00|248.57|0.00|0.00|0.00|0.00|0.00|0.00|
|C100|1|0|12345678000195|55|00|000000248|000|09032024|11032024|11062.13|10214.42|1225.73|0.00|0.00|0.00|0.00|0.00|0.00|0.00|0|33366699000100|
|C170|1|PROD002|COMPONENTE ELETRICO B|15.82|UN|534.53|5101|30|0.00|12.00|0.00|0.00|0.00|0.00|0.00|0.00|0.00|
|C170|2|PROD003|MATERIAL BRUTO C|30.97|UN|10527.60|5101|00|10214.42|12.00|1225.73|0.00|0.00|0.00|0.00|0.00|0.00|
|C100|1|0|12345678000195|55|00|000000249|000|07032024|10032024|13230.14|7229.90|867.59|0.00|0.00|0.00|0.00|0.00|0.00|0.00|0|77788899000177|
|C170|1|PROD001|PECA MECANICA TIPO A|43.50|UN|4397.88|6101|20|4370.39|12.00|524.45|0.00|0.00|0.00|0.00|0.00|0.00|
|C170|2|PROD007|PARTE SOBRESSALENTE G|21.00|UN|1756.82|6101|40|0.00|12.00|0.00|0.00|0.00|0.00|0.00|0.00|0.00|
|C170|3|PROD007|PARTE SOBRESSALENTE G|40.69|UN|4126.27|6101|60|0.00|12.00|0.00|0.00|0.00|0.00|0.00|0.00|0.00|
|C170|4|PROD007|PARTE SOBRESSALENTE G|26.12|UN|2949.17|6101|00|2859.51|12.00|343.14|0.00|0.00|0.00|0.00|0.00|0.00|
|C100|1|0|12345678000195|55|00|000000250|000|24032024|24032024|61908.72|20190.01|2422.81|0.00|0.00|0.00|0.00|0.00|0.00|0.00|0|33366699000100|
|C170|1|PROD006|EMBALAGEM PADRAO F|4.39|UN|30.20|6101|40|0.00|12.00|0.00|0.00|0.00|0.00|0.00|0.00|0.00|
|C170|2|PROD002|COMPONENTE ELETRICO B|29.61|UN|1593.91|6101|00|1500.05|12.00|180.01|0.00|0.00|0.00|0.00|0.00|0.00|
|C170|3|PROD008|CONJUNTO MONTADO H|30.22|UN|39518.29|6101|60|0.00|12.00|0.00|0.00|0.00|0.00|0.00|0.00|0.00|
|C170|4|PROD007|PARTE SOBRESSALENTE G|44.87|UN|6740.07|6101|00|6004.80|12.00|720.58|0.00|0.00|0.00|0.00|0.00|0.00|
|C170|5|PROD003|MATERIAL BRUTO C|49.51|UN|14026.25|6101|00|12685.16|12.00|1522.22|0.00|0.00|0.00|0.00|0.00|0.00|
|C100|1|0|12345678000195|55|00|000000251|000|09032024|09032024|85828.10|70765.05|8491.81|0.00|0.00|0.00|0.00|0.00|0.00|0.00|0|99900011000155|
|C170|1|PROD008|CONJUNTO MONTADO H|38.73|UN|47497.57|5401|20|47411.06|12.00|5689.33|0.00|0.00|0.00|0.00|0.00|0.00|
|C170|2|PROD004|PRODUTO ACABADO D|48.71|UN|24686.23|5401|10|23353.99|12.00|2802.48|0.00|0.00|0.00|0.00|0.00|0.00|
|C170|3|PROD003|MATERIAL BRUTO C|47.71|UN|13644.30|5401|40|0.00|12.00|0.00|0.00|0.00|0.00|0.00|0.00|0.00|
|C100|1|0|12345678000195|55|00|000000252|000|19032024|19032024|18357.71|2352.45|282.29|0.00|0.00|0.00|0.00|0.00|0.00|0.00|0|33366699000100|
|C170|1|PROD001|PECA MECANICA TIPO A|43.72|UN|4807.89|5102|50|0.00|12.00|0.00|0.00|0.00|0.00|0.00|0.00|0.00|
|C170|2|PROD006|EMBALAGEM PADRAO F|48.50|UN|362.80|5102|30|0.00|12.00|0.00|0.00|0.00|0.00|0.00|0.00|0.00|
|C170|3|PROD003|MATERIAL BRUTO C|48.77|UN|10778.35|5102|30|0.00|12.00|0.00|0.00|0.00|0.00|0.00|0.00|0.00|
|C170|4|PROD002|COMPONENTE ELETRICO B|30.92|UN|2408.67|5102|20|2352.45|12.00|282.29|0.00|0.00|0.00|0.00|0.00|0.00|
|C100|1|0|12345678000195|55|00|000000253|000|02032024|03032024|53832.19|16065.34|1927.84|0.00|0.00|0.00|0.00|0.00|0.00|0.00|0|77788899000177|
|C170|1|PROD006|EMBALAGEM PADRAO F|30.87|UN|360.91|5101|00|323.49|12.00|38.82|0.00|0.00|0.00|0.00|0.00|0.00|
|C170|2|PROD006|EMBALAGEM PADRAO F|26.16|UN|208.76|5101|00|205.91|12.00|24.71|0.00|0.00|0.00|0.00|0.00|0.00|
|C170|3|PROD004|PRODUTO ACABADO D|26.61|UN|15335.92|5101|00|14236.29|12.00|1708.35|0.00|0.00|0.00|0.00|0.00|0.00|
|C170|4|PROD005|INSUMO INDUSTRIAL E|36.47|UN|1373.54|5101|10|1299.65|12.00|155.96|0.00|0.00|0.00|0.00|0.00|0.00|
|C170|5|PROD004|PRODUTO ACABADO D|43.82|UN|36553.06|5101|50|0.00|12.00|0.00|0.00|0.00|0.00|0.00|0.00|0.00|
|C100|1|0|12345678000195|55|00|000000254|000|04032024|07032024|1512.46|0.00|0.00|0.00|0.00|0.00|0.00|0.00|0.00|0.00|0|33366699000100|
|C170|1|PROD006|EMBALAGEM PADRAO F|48.58|UN|389.15|5102|40|0.00|12.00|0.00|0.00|0.00|0.00|0.00|0.00|0.00|
|C170|2|PROD002|COMPONENTE ELETRICO B|18.67|UN|1123.31|5102|40|0.00|12.00|0.00|0.00|0.00|0.00|0.00|0.00|0.00|
|C100|1|0|12345678000195|55|00|000000255|000|06032024|09032024|61065.85|56241.10|6748.94|0.00|0.00|0.00|0.00|0.00|0.00|0.00|0|33366699000100|
|C170|1|PROD003|MATERIAL BRUTO C|10.43|UN|2090.06|5403|20|2040.97|12.00|244.92|0.00|0.00|0.00|0.00|0.00|0.00|
|C170|2|PROD005|INSUMO INDUSTRIAL E|11.47|UN|471.33|5403|60|0.00|12.00|0.00|0.00|0.00|0.00|0.00|0.00|0.00|
|C170|3|PROD001|PECA MECANICA TIPO A|5.24|UN|295.62|5403|50|0.00|12.00|0.00|0.00|0.00|0.00|0.00|0.00|0.00|
|C170|4|PROD008|CONJUNTO MONTADO H|46.24|UN|58208.84|5403|00|54200.13|12.00|6504.02|0.00|0.00|0.00|0.00|0.00|0.00|
|C100|1|0|12345678000195|55|00|000000256|000|10032024|11032024|23493.39|865.12|103.81|0.00|0.00|0.00|0.00|0.00|0.00|0.00|0|77788899000177|
|C170|1|PROD007|PARTE SOBRESSALENTE G|27.89|UN|4096.34|5403|70|0.00|12.00|0.00|0.00|0.00|0.00|0.00|0.00|0.00|
|C170|2|PROD005|INSUMO INDUSTRIAL E|46.47|UN|992.49|5403|20|865.12|12.00|103.81|0.00|0.00|0.00|0.00|0.00|0.00|
|C170|3|PROD004|PRODUTO ACABADO D|33.03|UN|18404.56|5403|40|0.00|12.00|0.00|0.00|0.00|0.00|0.00|0.00|0.00|
|C100|1|0|12345678000195|55|00|000000257|000|01032024|02032024|8324.85|4999.44|599.93|0.00|0.00|0.00|0.00|0.00|0.00|0.00|0|99900011000155|
|C170|1|PROD004|PRODUTO ACABADO D|3.77|UN|3170.35|5102|41|0.00|12.00|0.00|0.00|0.00|0.00|0.00|0.00|0.00|
|C170|2|PROD007|PARTE SOBRESSALENTE G|48.95|UN|5154.50|5102|00|4999.44|12.00|599.93|0.00|0.00|0.00|0.00|0.00|0.00|
|C100|1|0|12345678000195|55|00|000000258|000|21032024|24032024|78120.28|18956.97|2274.84|0.00|0.00|0.00|0.00|0.00|0.00|0.00|0|99900011000155|
|C170|1|PROD003|MATERIAL BRUTO C|31.73|UN|8464.66|5101|20|7593.49|12.00|911.22|0.00|0.00|0.00|0.00|0.00|0.00|
|C170|2|PROD004|PRODUTO ACABADO D|30.07|UN|16154.25|5101|50|0.00|12.00|0.00|0.00|0.00|0.00|0.00|0.00|0.00|
|C170|3|PROD004|PRODUTO ACABADO D|43.38|UN|32950.58|5101|40|0.00|12.00|0.00|0.00|0.00|0.00|0.00|0.00|0.00|
|C170|4|PROD003|MATERIAL BRUTO C|42.31|UN|13214.17|5101|20|11363.48|12.00|1363.62|0.00|0.00|0.00|0.00|0.00|0.00|
|C170|5|PROD003|MATERIAL BRUTO C|29.58|UN|7336.62|5101|40|0.00|12.00|0.00|0.00|0.00|0.00|0.00|0.00|0.00|
|C100|1|0|12345678000195|55|00|000000259|000|19032024|21032024|19279.87|2816.54|337.98|0.00|0.00|0.00|0.00|0.00|0.00|0.00|0|99900011000155|
|C170|1|PROD008|CONJUNTO MONTADO H|11.29|UN|9990.43|5401|30|0.00|12.00|0.00|0.00|0.00|0.00|0.00|0.00|0.00|
|C170|2|PROD007|PARTE SOBRESSALENTE G|21.14|UN|2579.29|5401|51|2563.61|12.00|307.63|0.00|0.00|0.00|0.00|0.00|0.00|
|C170|3|PROD006|EMBALAGEM PADRAO F|34.58|UN|269.35|5401|00|252.93|12.00|30.35|0.00|0.00|0.00|0.00|0.00|0.00|
|C170|4|PROD002|COMPONENTE ELETRICO B|34.38|UN|1372.53|5401|70|0.00|12.00|0.00|0.00|0.00|0.00|0.00|0.00|0.00|
|C170|5|PROD007|PARTE SOBRESSALENTE G|39.53|UN|5068.27|5401|40|0.00|12.00|0.00|0.00|0.00|0.00|0.00|0.00|0.00|
|C100|1|0|12345678000195|55|00|000000260|000|24032024|24032024|35422.42|5440.17|652.83|0.00|0.00|0.00|0.00|0.00|0.00|0.00|0|33366699000100|
|C170|1|PROD001|PECA MECANICA TIPO A|42.52|UN|4459.82|6101|00|4303.96|12.00|516.48|0.00|0.00|0.00|0.00|0.00|0.00|
|C170|2|PROD008|CONJUNTO MONTADO H|40.96|UN|29432.01|6101|50|0.00|12.00|0.00|0.00|0.00|0.00|0.00|0.00|0.00|
|C170|3|PROD006|EMBALAGEM PADRAO F|1.34|UN|10.50|6101|40|0.00|12.00|0.00|0.00|0.00|0.00|0.00|0.00|0.00|
|C170|4|PROD005|INSUMO INDUSTRIAL E|42.64|UN|1325.71|6101|51|1136.21|12.00|136.35|0.00|0.00|0.00|0.00|0.00|0.00|
|C170|5|PROD006|EMBALAGEM PADRAO F|29.72|UN|194.38|6101|41|0.00|12.00|0.00|0.00|0.00|0.00|0.00|0.00|0.00|
|C100|1|0|12345678000195|55|00|000000261|000|18032024|19032024|3554.92|1344.86|161.38|0.00|0.00|0.00|0.00|0.00|0.00|0.00|0|99900011000155|
|C170|1|PROD005|INSUMO INDUSTRIAL E|42.63|UN|1400.72|5403|40|0.00|12.00|0.00|0.00|0.00|0.00|0.00|0.00|0.00|
|C170|2|PROD002|COMPONENTE ELETRICO B|23.25|UN|756.62|5403|40|0.00|12.00|0.00|0.00|0.00|0.00|0.00|0.00|0.00|
|C170|3|PROD003|MATERIAL BRUTO C|3.17|UN|866.83|5403|20|816.66|12.00|98.00|0.00|0.00|0.00|0.00|0.00|0.00|
|C170|4|PROD006|EMBALAGEM PADRAO F|43.25|UN|453.26|5403|51|453.03|12.00|54.36|0.00|0.00|0.00|0.00|0.00|0.00|
|C170|5|PROD006|EMBALAGEM PADRAO F|10.36|UN|77.49|5403|20|75.17|12.00|9.02|0.00|0.00|0.00|0.00|0.00|0.00|
|C100|1|0|12345678000195|55|00|000000262|000|08032024|08032024|10697.95|7169.60|860.35|0.00|0.00|0.00|0.00|0.00|0.00|0.00|0|22244466000133|
|C170|1|PROD001|PECA MECANICA TIPO A|31.97|UN|3123.54|5102|41|0.00|12.00|0.00|0.00|0.00|0.00|0.00|0.00|0.00|
|C170|2|PROD003|MATERIAL BRUTO C|22.56|UN|7574.41|5102|10|7169.60|12.00|860.35|0.00|0.00|0.00|0.00|0.00|0.00|
|C100|1|0|12345678000195|55|00|000000263|000|16032024|17032024|6800.42|5924.56|710.95|0.00|0.00|0.00|0.00|0.00|0.00|0.00|0|99900011000155|
|C170|1|PROD006|EMBALAGEM PADRAO F|19.02|UN|162.77|6101|00|162.08|12.00|19.45|0.00|0.00|0.00|0.00|0.00|0.00|
|C170|2|PROD003|MATERIAL BRUTO C|16.26|UN|4003.94|6101|20|3434.22|12.00|412.11|0.00|0.00|0.00|0.00|0.00|0.00|
|C170|3|PROD001|PECA MECANICA TIPO A|46.07|UN|2633.71|6101|00|2328.26|12.00|279.39|0.00|0.00|0.00|0.00|0.00|0.00|
|C100|1|0|12345678000195|55|00|000000264|000|28032024|28032024|42815.98|36283.78|4354.05|0.00|0.00|0.00|0.00|0.00|0.00|0.00|0|33366699000100|
|C170|1|PROD005|INSUMO INDUSTRIAL E|41.14|UN|1479.32|5102|40|0.00|12.00|0.00|0.00|0.00|0.00|0.00|0.00|0.00|
|C170|2|PROD004|PRODUTO ACABADO D|37.44|UN|29192.31|5102|20|28634.93|12.00|3436.19|0.00|0.00|0.00|0.00|0.00|0.00|
|C170|3|PROD003|MATERIAL BRUTO C|31.28|UN|8778.48|5102|51|7648.85|12.00|917.86|0.00|0.00|0.00|0.00|0.00|0.00|
|C170|4|PROD007|PARTE SOBRESSALENTE G|32.30|UN|3365.87|5102|41|0.00|12.00|0.00|0.00|0.00|0.00|0.00|0.00|0.00|
|C100|1|0|12345678000195|55|00|000000265|000|12032024|15032024|34121.47|5643.74|677.25|0.00|0.00|0.00|0.00|0.00|0.00|0.00|0|33366699000100|
|C170|1|PROD003|MATERIAL BRUTO C|15.38|UN|5186.57|6101|90|5046.07|12.00|605.53|0.00|0.00|0.00|0.00|0.00|0.00|
|C170|2|PROD008|CONJUNTO MONTADO H|21.74|UN|28248.09|6101|70|0.00|12.00|0.00|0.00|0.00|0.00|0.00|0.00|0.00|
|C170|3|PROD005|INSUMO INDUSTRIAL E|40.91|UN|686.81|6101|00|597.67|12.00|71.72|0.00|0.00|0.00|0.00|0.00|0.00|
|C100|1|0|12345678000195|55|00|000000266|000|16032024|17032024|55601.24|17180.81|2061.70|0.00|0.00|0.00|0.00|0.00|0.00|0.00|0|33366699000100|
|C170|1|PROD006|EMBALAGEM PADRAO F|35.62|UN|217.96|5403|60|0.00|12.00|0.00|0.00|0.00|0.00|0.00|0.00|0.00|
|C170|2|PROD007|PARTE SOBRESSALENTE G|33.80|UN|4495.27|5403|00|4164.22|12.00|499.71|0.00|0.00|0.00|0.00|0.00|0.00|
|C170|3|PROD003|MATERIAL BRUTO C|48.12|UN|15212.31|5403|00|13016.59|12.00|1561.99|0.00|0.00|0.00|0.00|0.00|0.00|
|C170|4|PROD008|CONJUNTO MONTADO H|28.68|UN|21858.84|5403|40|0.00|12.00|0.00|0.00|0.00|0.00|0.00|0.00|0.00|
|C170|5|PROD003|MATERIAL BRUTO C|46.17|UN|13816.86|5403|40|0.00|12.00|0.00|0.00|0.00|0.00|0.00|0.00|0.00|
|C100|1|0|12345678000195|55|00|000000267|000|08032024|09032024|33704.75|0.00|0.00|0.00|0.00|0.00|0.00|0.00|0.00|0.00|0|77788899000177|
|C170|1|PROD004|PRODUTO ACABADO D|49.64|UN|33704.75|5401|30|0.00|12.00|0.00|0.00|0.00|0.00|0.00|0.00|0.00|
|C100|1|0|12345678000195|55|00|000000268|000|18032024|19032024|26995.99|1503.89|180.47|0.00|0.00|0.00|0.00|0.00|0.00|0.00|0|33366699000100|
|C170|1|PROD007|PARTE SOBRESSALENTE G|15.29|UN|1693.21|6101|20|1503.89|12.00|180.47|0.00|0.00|0.00|0.00|0.00|0.00|
|C170|2|PROD001|PECA MECANICA TIPO A|9.66|UN|565.57|6101|40|0.00|12.00|0.00|0.00|0.00|0.00|0.00|0.00|0.00|
|C170|3|PROD004|PRODUTO ACABADO D|29.04|UN|22115.95|6101|40|0.00|12.00|0.00|0.00|0.00|0.00|0.00|0.00|0.00|
|C170|4|PROD002|COMPONENTE ELETRICO B|46.16|UN|2621.26|6101|40|0.00|12.00|0.00|0.00|0.00|0.00|0.00|0.00|0.00|
|C100|1|0|12345678000195|55|00|000000269|000|04032024|07032024|4574.32|489.59|58.75|0.00|0.00|0.00|0.00|0.00|0.00|0.00|0|99900011000155|
|C170|1|PROD001|PECA MECANICA TIPO A|26.17|UN|1480.53|5101|40|0.00|12.00|0.00|0.00|0.00|0.00|0.00|0.00|0.00|
|C170|2|PROD001|PECA MECANICA TIPO A|4.52|UN|489.71|5101|00|489.59|12.00|58.75|0.00|0.00|0.00|0.00|0.00|0.00|
|C170|3|PROD002|COMPONENTE ELETRICO B|12.17|UN|875.85|5101|50|0.00|12.00|0.00|0.00|0.00|0.00|0.00|0.00|0.00|
|C170|4|PROD002|COMPONENTE ELETRICO B|33.72|UN|1728.23|5101|60|0.00|12.00|0.00|0.00|0.00|0.00|0.00|0.00|0.00|
|C100|1|0|12345678000195|55|00|000000270|000|09032024|10032024|12497.29|5834.49|700.14|0.00|0.00|0.00|0.00|0.00|0.00|0.00|0|99900011000155|
|C170|1|PROD007|PARTE SOBRESSALENTE G|40.71|UN|6055.31|6102|30|0.00|12.00|0.00|0.00|0.00|0.00|0.00|0.00|0.00|
|C170|2|PROD003|MATERIAL BRUTO C|15.14|UN|4475.07|6102|00|3938.92|12.00|472.67|0.00|0.00|0.00|0.00|0.00|0.00|
|C170|3|PROD006|EMBALAGEM PADRAO F|46.78|UN|499.59|6102|20|488.55|12.00|58.63|0.00|0.00|0.00|0.00|0.00|0.00|
|C170|4|PROD002|COMPONENTE ELETRICO B|18.05|UN|1467.32|6102|00|1407.02|12.00|168.84|0.00|0.00|0.00|0.00|0.00|0.00|
|C100|1|0|12345678000195|55|00|000000271|000|13032024|14032024|81900.05|63.18|7.58|0.00|0.00|0.00|0.00|0.00|0.00|0.00|0|99900011000155|
|C170|1|PROD008|CONJUNTO MONTADO H|49.51|UN|48997.08|5101|70|0.00|12.00|0.00|0.00|0.00|0.00|0.00|0.00|0.00|
|C170|2|PROD004|PRODUTO ACABADO D|1.07|UN|1050.19|5101|40|0.00|12.00|0.00|0.00|0.00|0.00|0.00|0.00|0.00|
|C170|3|PROD004|PRODUTO ACABADO D|45.85|UN|29039.21|5101|50|0.00|12.00|0.00|0.00|0.00|0.00|0.00|0.00|0.00|
|C170|4|PROD001|PECA MECANICA TIPO A|46.16|UN|2742.60|5101|50|0.00|12.00|0.00|0.00|0.00|0.00|0.00|0.00|0.00|
|C170|5|PROD006|EMBALAGEM PADRAO F|7.27|UN|70.97|5101|90|63.18|12.00|7.58|0.00|0.00|0.00|0.00|0.00|0.00|
|C100|1|0|12345678000195|55|00|000000272|000|18032024|18032024|2164.61|1889.20|226.71|0.00|0.00|0.00|0.00|0.00|0.00|0.00|0|99900011000155|
|C170|1|PROD006|EMBALAGEM PADRAO F|28.13|UN|316.21|5101|20|298.05|12.00|35.77|0.00|0.00|0.00|0.00|0.00|0.00|
|C170|2|PROD008|CONJUNTO MONTADO H|1.79|UN|1848.40|5101|20|1591.15|12.00|190.94|0.00|0.00|0.00|0.00|0.00|0.00|
|C100|1|0|12345678000195|55|00|000000273|000|21032024|23032024|16224.88|15471.98|1856.64|0.00|0.00|0.00|0.00|0.00|0.00|0.00|0|77788899000177|
|C170|1|PROD001|PECA MECANICA TIPO A|39.07|UN|2911.59|5401|20|2846.72|12.00|341.61|0.00|0.00|0.00|0.00|0.00|0.00|
|C170|2|PROD003|MATERIAL BRUTO C|45.49|UN|12061.22|5401|10|11823.41|12.00|1418.81|0.00|0.00|0.00|0.00|0.00|0.00|
|C170|3|PROD005|INSUMO INDUSTRIAL E|19.47|UN|319.66|5401|30|0.00|12.00|0.00|0.00|0.00|0.00|0.00|0.00|0.00|
|C170|4|PROD002|COMPONENTE ELETRICO B|13.07|UN|932.41|5401|10|801.85|12.00|96.22|0.00|0.00|0.00|0.00|0.00|0.00|
|C100|1|0|12345678000195|55|00|000000274|000|26032024|28032024|36714.93|35808.16|4296.97|0.00|0.00|0.00|0.00|0.00|0.00|0.00|0|99900011000155|
|C170|1|PROD008|CONJUNTO MONTADO H|32.33|UN|33627.98|6102|20|32875.43|12.00|3945.05|0.00|0.00|0.00|0.00|0.00|0.00|
|C170|2|PROD006|EMBALAGEM PADRAO F|13.87|UN|78.38|6102|40|0.00|12.00|0.00|0.00|0.00|0.00|0.00|0.00|0.00|
|C170|3|PROD003|MATERIAL BRUTO C|2.29|UN|776.52|6102|90|767.11|12.00|92.05|0.00|0.00|0.00|0.00|0.00|0.00|
|C170|4|PROD007|PARTE SOBRESSALENTE G|27.83|UN|2232.05|6102|00|2165.62|12.00|259.87|0.00|0.00|0.00|0.00|0.00|0.00|
|C100|1|0|12345678000195|55|00|000000275|000|03032024|04032024|23022.01|2410.72|289.29|0.00|0.00|0.00|0.00|0.00|0.00|0.00|0|33366699000100|
|C170|1|PROD008|CONJUNTO MONTADO H|24.57|UN|20307.95|5401|60|0.00|12.00|0.00|0.00|0.00|0.00|0.00|0.00|0.00|
|C170|2|PROD003|MATERIAL BRUTO C|12.21|UN|2442.66|5401|20|2164.64|12.00|259.76|0.00|0.00|0.00|0.00|0.00|0.00|
|C170|3|PROD005|INSUMO INDUSTRIAL E|12.44|UN|271.40|5401|10|246.08|12.00|29.53|0.00|0.00|0.00|0.00|0.00|0.00|
|C100|1|0|12345678000195|55|00|000000276|000|12032024|15032024|13161.46|9806.87|1176.83|0.00|0.00|0.00|0.00|0.00|0.00|0.00|0|55512312300010|
|C170|1|PROD007|PARTE SOBRESSALENTE G|23.44|UN|2844.80|5401|40|0.00|12.00|0.00|0.00|0.00|0.00|0.00|0.00|0.00|
|C170|2|PROD002|COMPONENTE ELETRICO B|16.52|UN|553.39|5401|51|471.05|12.00|56.53|0.00|0.00|0.00|0.00|0.00|0.00|
|C170|3|PROD001|PECA MECANICA TIPO A|1.68|UN|122.19|5401|00|112.94|12.00|13.55|0.00|0.00|0.00|0.00|0.00|0.00|
|C170|4|PROD003|MATERIAL BRUTO C|22.34|UN|4784.81|5401|00|4568.32|12.00|548.20|0.00|0.00|0.00|0.00|0.00|0.00|
|C170|5|PROD007|PARTE SOBRESSALENTE G|40.41|UN|4856.27|5401|00|4654.56|12.00|558.55|0.00|0.00|0.00|0.00|0.00|0.00|
|C100|1|0|12345678000195|55|00|000000277|000|16032024|17032024|4281.35|4134.09|496.09|0.00|0.00|0.00|0.00|0.00|0.00|0.00|0|99900011000155|
|C170|1|PROD002|COMPONENTE ELETRICO B|4.18|UN|178.07|5101|20|162.38|12.00|19.49|0.00|0.00|0.00|0.00|0.00|0.00|
|C170|2|PROD001|PECA MECANICA TIPO A|31.93|UN|3709.77|5101|00|3597.60|12.00|431.71|0.00|0.00|0.00|0.00|0.00|0.00|
|C170|3|PROD001|PECA MECANICA TIPO A|4.80|UN|393.51|5101|00|374.11|12.00|44.89|0.00|0.00|0.00|0.00|0.00|0.00|
|C100|1|0|12345678000195|55|00|000000278|000|11032024|14032024|2082.13|0.00|0.00|0.00|0.00|0.00|0.00|0.00|0.00|0.00|0|99900011000155|
|C170|1|PROD003|MATERIAL BRUTO C|3.59|UN|1064.19|5401|40|0.00|12.00|0.00|0.00|0.00|0.00|0.00|0.00|0.00|
|C170|2|PROD004|PRODUTO ACABADO D|1.11|UN|1017.94|5401|50|0.00|12.00|0.00|0.00|0.00|0.00|0.00|0.00|0.00|
|C100|1|0|12345678000195|55|00|000000279|000|08032024|08032024|5632.44|4927.00|591.24|0.00|0.00|0.00|0.00|0.00|0.00|0.00|0|77788899000177|
|C170|1|PROD002|COMPONENTE ELETRICO B|2.63|UN|105.58|5401|00|104.93|12.00|12.59|0.00|0.00|0.00|0.00|0.00|0.00|
|C170|2|PROD006|EMBALAGEM PADRAO F|22.16|UN|162.84|5401|40|0.00|12.00|0.00|0.00|0.00|0.00|0.00|0.00|0.00|
|C170|3|PROD001|PECA MECANICA TIPO A|47.18|UN|5364.02|5401|00|4822.07|12.00|578.65|0.00|0.00|0.00|0.00|0.00|0.00|
|C100|1|0|12345678000195|55|00|000000280|000|06032024|08032024|2056.93|1759.70|211.16|0.00|0.00|0.00|0.00|0.00|0.00|0.00|0|77788899000177|
|C170|1|PROD001|PECA MECANICA TIPO A|39.62|UN|2056.93|6102|20|1759.70|12.00|211.16|0.00|0.00|0.00|0.00|0.00|0.00|
|C100|1|0|12345678000195|55|00|000000281|000|03032024|05032024|48355.29|695.84|83.50|0.00|0.00|0.00|0.00|0.00|0.00|0.00|0|33366699000100|
|C170|1|PROD005|INSUMO INDUSTRIAL E|11.09|UN|387.86|5401|00|337.57|12.00|40.51|0.00|0.00|0.00|0.00|0.00|0.00|
|C170|2|PROD001|PECA MECANICA TIPO A|7.70|UN|404.91|5401|90|358.27|12.00|42.99|0.00|0.00|0.00|0.00|0.00|0.00|
|C170|3|PROD008|CONJUNTO MONTADO H|48.89|UN|38687.03|5401|40|0.00|12.00|0.00|0.00|0.00|0.00|0.00|0.00|0.00|
|C170|4|PROD004|PRODUTO ACABADO D|3.31|UN|2256.56|5401|40|0.00|12.00|0.00|0.00|0.00|0.00|0.00|0.00|0.00|
|C170|5|PROD008|CONJUNTO MONTADO H|5.68|UN|6618.93|5401|40|0.00|12.00|0.00|0.00|0.00|0.00|0.00|0.00|0.00|
|C100|1|0|12345678000195|55|00|000000282|000|28032024|28032024|5113.99|4717.81|566.13|0.00|0.00|0.00|0.00|0.00|0.00|0.00|0|55512312300010|
|C170|1|PROD003|MATERIAL BRUTO C|11.96|UN|2572.76|5101|00|2254.11|12.00|270.49|0.00|0.00|0.00|0.00|0.00|0.00|
|C170|2|PROD003|MATERIAL BRUTO C|9.89|UN|2541.23|5101|90|2463.70|12.00|295.64|0.00|0.00|0.00|0.00|0.00|0.00|
|C100|1|0|12345678000195|55|00|000000283|000|08032024|10032024|13468.43|4189.95|502.79|0.00|0.00|0.00|0.00|0.00|0.00|0.00|0|77788899000177|
|C170|1|PROD006|EMBALAGEM PADRAO F|20.59|UN|214.31|5401|00|196.40|12.00|23.57|0.00|0.00|0.00|0.00|0.00|0.00|
|C170|2|PROD003|MATERIAL BRUTO C|39.86|UN|9007.96|5401|40|0.00|12.00|0.00|0.00|0.00|0.00|0.00|0.00|0.00|
|C170|3|PROD002|COMPONENTE ELETRICO B|22.07|UN|896.79|5401|00|769.60|12.00|92.35|0.00|0.00|0.00|0.00|0.00|0.00|
|C170|4|PROD002|COMPONENTE ELETRICO B|40.70|UN|3349.37|5401|00|3223.95|12.00|386.87|0.00|0.00|0.00|0.00|0.00|0.00|
|C100|1|0|12345678000195|55|00|000000284|000|21032024|22032024|17001.84|864.66|103.76|0.00|0.00|0.00|0.00|0.00|0.00|0.00|0|22244466000133|
|C170|1|PROD005|INSUMO INDUSTRIAL E|20.83|UN|748.15|5401|10|655.85|12.00|78.70|0.00|0.00|0.00|0.00|0.00|0.00|
|C170|2|PROD006|EMBALAGEM PADRAO F|19.80|UN|232.04|5401|10|208.81|12.00|25.06|0.00|0.00|0.00|0.00|0.00|0.00|
|C170|3|PROD002|COMPONENTE ELETRICO B|42.51|UN|1900.44|5401|41|0.00|12.00|0.00|0.00|0.00|0.00|0.00|0.00|0.00|
|C170|4|PROD004|PRODUTO ACABADO D|20.11|UN|11579.63|5401|41|0.00|12.00|0.00|0.00|0.00|0.00|0.00|0.00|0.00|
|C170|5|PROD002|COMPONENTE ELETRICO B|43.74|UN|2541.58|5401|40|0.00|12.00|0.00|0.00|0.00|0.00|0.00|0.00|0.00|
|C100|1|0|12345678000195|55|00|000000285|000|14032024|16032024|48843.02|45872.54|5504.70|0.00|0.00|0.00|0.00|0.00|0.00|0.00|0|22244466000133|
|C170|1|PROD004|PRODUTO ACABADO D|20.81|UN|16216.09|5101|10|14485.53|12.00|1738.26|0.00|0.00|0.00|0.00|0.00|0.00|
|C170|2|PROD008|CONJUNTO MONTADO H|22.64|UN|31569.03|5101|00|30454.73|12.00|3654.57|0.00|0.00|0.00|0.00|0.00|0.00|
|C170|3|PROD002|COMPONENTE ELETRICO B|22.28|UN|1057.90|5101|00|932.28|12.00|111.87|0.00|0.00|0.00|0.00|0.00|0.00|
|C100|1|0|12345678000195|55|00|000000286|000|23032024|26032024|52001.55|48835.46|5860.25|0.00|0.00|0.00|0.00|0.00|0.00|0.00|0|99900011000155|
|C170|1|PROD005|INSUMO INDUSTRIAL E|35.65|UN|1487.55|5102|20|1396.60|12.00|167.59|0.00|0.00|0.00|0.00|0.00|0.00|
|C170|2|PROD003|MATERIAL BRUTO C|15.59|UN|3910.88|5102|00|3700.25|12.00|444.03|0.00|0.00|0.00|0.00|0.00|0.00|
|C170|3|PROD002|COMPONENTE ELETRICO B|43.31|UN|2961.33|5102|20|2604.42|12.00|312.53|0.00|0.00|0.00|0.00|0.00|0.00|
|C170|4|PROD003|MATERIAL BRUTO C|31.64|UN|10747.48|5102|10|9477.94|12.00|1137.35|0.00|0.00|0.00|0.00|0.00|0.00|
|C170|5|PROD008|CONJUNTO MONTADO H|33.31|UN|32894.31|5102|10|31656.25|12.00|3798.75|0.00|0.00|0.00|0.00|0.00|0.00|
|C100|1|0|12345678000195|55|00|000000287|000|22032024|22032024|17581.98|16629.69|1995.56|0.00|0.00|0.00|0.00|0.00|0.00|0.00|0|77788899000177|
|C170|1|PROD004|PRODUTO ACABADO D|27.38|UN|17581.98|5403|20|16629.69|12.00|1995.56|0.00|0.00|0.00|0.00|0.00|0.00|
|C100|1|0|12345678000195|55|00|000000288|000|20032024|20032024|4105.45|3732.05|447.85|0.00|0.00|0.00|0.00|0.00|0.00|0.00|0|99900011000155|
|C170|1|PROD003|MATERIAL BRUTO C|12.01|UN|4105.45|5403|00|3732.05|12.00|447.85|0.00|0.00|0.00|0.00|0.00|0.00|
|C100|1|0|12345678000195|55|00|000000289|000|21032024|22032024|18509.71|3765.51|451.86|0.00|0.00|0.00|0.00|0.00|0.00|0.00|0|99900011000155|
|C170|1|PROD001|PECA MECANICA TIPO A|7.41|UN|401.05|6102|40|0.00|12.00|0.00|0.00|0.00|0.00|0.00|0.00|0.00|
|C170|2|PROD002|COMPONENTE ELETRICO B|38.98|UN|2826.93|6102|70|0.00|12.00|0.00|0.00|0.00|0.00|0.00|0.00|0.00|
|C170|3|PROD004|PRODUTO ACABADO D|14.42|UN|11456.69|6102|50|0.00|12.00|0.00|0.00|0.00|0.00|0.00|0.00|0.00|
|C170|4|PROD002|COMPONENTE ELETRICO B|47.99|UN|3825.04|6102|00|3765.51|12.00|451.86|0.00|0.00|0.00|0.00|0.00|0.00|
|C100|1|0|12345678000195|55|00|000000290|000|24032024|26032024|43551.86|41287.98|4954.56|0.00|0.00|0.00|0.00|0.00|0.00|0.00|0|22244466000133|
|C170|1|PROD001|PECA MECANICA TIPO A|48.97|UN|3814.02|6101|00|3681.41|12.00|441.77|0.00|0.00|0.00|0.00|0.00|0.00|
|C170|2|PROD008|CONJUNTO MONTADO H|39.37|UN|39737.84|6101|00|37606.57|12.00|4512.79|0.00|0.00|0.00|0.00|0.00|0.00|
|C100|1|0|12345678000195|55|00|000000291|000|24032024|25032024|37544.14|2220.25|266.43|0.00|0.00|0.00|0.00|0.00|0.00|0.00|0|77788899000177|
|C170|1|PROD003|MATERIAL BRUTO C|10.37|UN|2243.56|5403|00|2220.25|12.00|266.43|0.00|0.00|0.00|0.00|0.00|0.00|
|C170|2|PROD004|PRODUTO ACABADO D|43.17|UN|33780.69|5403|60|0.00|12.00|0.00|0.00|0.00|0.00|0.00|0.00|0.00|
|C170|3|PROD008|CONJUNTO MONTADO H|1.56|UN|1519.89|5403|40|0.00|12.00|0.00|0.00|0.00|0.00|0.00|0.00|0.00|
|C100|1|0|12345678000195|55|00|000000292|000|28032024|28032024|1703.70|0.00|0.00|0.00|0.00|0.00|0.00|0.00|0.00|0.00|0|99900011000155|
|C170|1|PROD002|COMPONENTE ELETRICO B|21.27|UN|1703.70|6102|40|0.00|12.00|0.00|0.00|0.00|0.00|0.00|0.00|0.00|
|C100|1|0|12345678000195|55|00|000000293|000|15032024|15032024|53536.95|19146.08|2297.53|0.00|0.00|0.00|0.00|0.00|0.00|0.00|0|99900011000155|
|C170|1|PROD004|PRODUTO ACABADO D|11.99|UN|7883.79|6101|40|0.00|12.00|0.00|0.00|0.00|0.00|0.00|0.00|0.00|
|C170|2|PROD006|EMBALAGEM PADRAO F|2.61|UN|30.51|6101|00|27.53|12.00|3.30|0.00|0.00|0.00|0.00|0.00|0.00|
|C170|3|PROD004|PRODUTO ACABADO D|38.90|UN|19961.69|6101|20|19118.55|12.00|2294.23|0.00|0.00|0.00|0.00|0.00|0.00|
|C170|4|PROD008|CONJUNTO MONTADO H|28.82|UN|25660.96|6101|40|0.00|12.00|0.00|0.00|0.00|0.00|0.00|0.00|0.00|
|C100|1|0|12345678000195|55|00|000000294|000|07032024|08032024|43408.74|0.00|0.00|0.00|0.00|0.00|0.00|0.00|0.00|0.00|0|55512312300010|
|C170|1|PROD008|CONJUNTO MONTADO H|21.54|UN|22350.18|5102|50|0.00|12.00|0.00|0.00|0.00|0.00|0.00|0.00|0.00|
|C170|2|PROD002|COMPONENTE ELETRICO B|47.89|UN|2157.58|5102|41|0.00|12.00|0.00|0.00|0.00|0.00|0.00|0.00|0.00|
|C170|3|PROD008|CONJUNTO MONTADO H|14.79|UN|18900.98|5102|30|0.00|12.00|0.00|0.00|0.00|0.00|0.00|0.00|0.00|
|C100|1|0|12345678000195|55|00|000000295|000|03032024|03032024|22354.27|18423.13|2210.77|0.00|0.00|0.00|0.00|0.00|0.00|0.00|0|33366699000100|
|C170|1|PROD004|PRODUTO ACABADO D|27.68|UN|15215.99|5101|00|13579.34|12.00|1629.52|0.00|0.00|0.00|0.00|0.00|0.00|
|C170|2|PROD002|COMPONENTE ELETRICO B|33.07|UN|2065.76|5101|40|0.00|12.00|0.00|0.00|0.00|0.00|0.00|0.00|0.00|
|C170|3|PROD001|PECA MECANICA TIPO A|38.81|UN|2069.79|5101|10|2038.42|12.00|244.61|0.00|0.00|0.00|0.00|0.00|0.00|
|C170|4|PROD003|MATERIAL BRUTO C|8.92|UN|3002.73|5101|00|2805.37|12.00|336.64|0.00|0.00|0.00|0.00|0.00|0.00|
|C100|1|0|12345678000195|55|00|000000296|000|28032024|31032024|64132.20|24542.94|2945.15|0.00|0.00|0.00|0.00|0.00|0.00|0.00|0|22244466000133|
|C170|1|PROD008|CONJUNTO MONTADO H|31.42|UN|22864.75|5101|00|19853.44|12.00|2382.41|0.00|0.00|0.00|0.00|0.00|0.00|
|C170|2|PROD008|CONJUNTO MONTADO H|42.44|UN|35663.21|5101|30|0.00|12.00|0.00|0.00|0.00|0.00|0.00|0.00|0.00|
|C170|3|PROD006|EMBALAGEM PADRAO F|37.39|UN|272.97|5101|40|0.00|12.00|0.00|0.00|0.00|0.00|0.00|0.00|0.00|
|C170|4|PROD001|PECA MECANICA TIPO A|44.52|UN|5331.27|5101|00|4689.50|12.00|562.74|0.00|0.00|0.00|0.00|0.00|0.00|
|C100|1|0|12345678000195|55|00|000000297|000|02032024|05032024|36864.93|34340.85|4120.90|0.00|0.00|0.00|0.00|0.00|0.00|0.00|0|22244466000133|
|C170|1|PROD004|PRODUTO ACABADO D|47.02|UN|36864.93|6101|00|34340.85|12.00|4120.90|0.00|0.00|0.00|0.00|0.00|0.00|
|C100|1|0|12345678000195|55|00|000000298|000|03032024|05032024|6346.99|6229.80|747.58|0.00|0.00|0.00|0.00|0.00|0.00|0.00|0|55512312300010|
|C170|1|PROD007|PARTE SOBRESSALENTE G|44.30|UN|6346.99|5403|00|6229.80|12.00|747.58|0.00|0.00|0.00|0.00|0.00|0.00|
|C100|1|0|12345678000195|55|00|000000299|000|19032024|21032024|32746.23|19953.44|2394.41|0.00|0.00|0.00|0.00|0.00|0.00|0.00|0|55512312300010|
|C170|1|PROD003|MATERIAL BRUTO C|43.50|UN|9755.34|5101|70|0.00|12.00|0.00|0.00|0.00|0.00|0.00|0.00|0.00|
|C170|2|PROD004|PRODUTO ACABADO D|28.23|UN|22990.89|5101|00|19953.44|12.00|2394.41|0.00|0.00|0.00|0.00|0.00|0.00|
|C100|1|0|12345678000195|55|00|000000300|000|15032024|17032024|47135.83|45745.33|5489.44|0.00|0.00|0.00|0.00|0.00|0.00|0.00|0|99900011000155|
|C170|1|PROD008|CONJUNTO MONTADO H|4.68|UN|6319.50|5401|00|5785.00|12.00|694.20|0.00|0.00|0.00|0.00|0.00|0.00|
|C170|2|PROD008|CONJUNTO MONTADO H|42.61|UN|40816.33|5401|10|39960.33|12.00|4795.24|0.00|0.00|0.00|0.00|0.00|0.00|
|C100|1|0|12345678000195|55|00|000000301|000|20032024|20032024|42016.87|35266.76|4232.01|0.00|0.00|0.00|0.00|0.00|0.00|0.00|0|77788899000177|
|C170|1|PROD007|PARTE SOBRESSALENTE G|6.45|UN|1024.55|5102|00|959.63|12.00|115.16|0.00|0.00|0.00|0.00|0.00|0.00|
|C170|2|PROD001|PECA MECANICA TIPO A|15.03|UN|1013.87|5102|00|914.77|12.00|109.77|0.00|0.00|0.00|0.00|0.00|0.00|
|C170|3|PROD008|CONJUNTO MONTADO H|43.97|UN|33123.67|5102|00|32726.59|12.00|3927.19|0.00|0.00|0.00|0.00|0.00|0.00|
|C170|4|PROD004|PRODUTO ACABADO D|11.67|UN|6123.95|5102|40|0.00|12.00|0.00|0.00|0.00|0.00|0.00|0.00|0.00|
|C170|5|PROD005|INSUMO INDUSTRIAL E|22.23|UN|730.83|5102|10|665.77|12.00|79.89|0.00|0.00|0.00|0.00|0.00|0.00|
|C100|1|0|12345678000195|55|00|000000302|000|27032024|29032024|40430.12|68.25|8.19|0.00|0.00|0.00|0.00|0.00|0.00|0.00|0|33366699000100|
|C170|1|PROD008|CONJUNTO MONTADO H|33.14|UN|40358.89|5401|60|0.00|12.00|0.00|0.00|0.00|0.00|0.00|0.00|0.00|
|C170|2|PROD002|COMPONENTE ELETRICO B|1.10|UN|71.23|5401|00|68.25|12.00|8.19|0.00|0.00|0.00|0.00|0.00|0.00|
|C100|1|0|12345678000195|55|00|000000303|000|30032024|02042024|28630.41|902.01|108.24|0.00|0.00|0.00|0.00|0.00|0.00|0.00|0|55512312300010|
|C170|1|PROD005|INSUMO INDUSTRIAL E|20.13|UN|455.36|6101|40|0.00|12.00|0.00|0.00|0.00|0.00|0.00|0.00|0.00|
|C170|2|PROD005|INSUMO INDUSTRIAL E|47.53|UN|996.27|6101|00|902.01|12.00|108.24|0.00|0.00|0.00|0.00|0.00|0.00|
|C170|3|PROD005|INSUMO INDUSTRIAL E|29.95|UN|957.57|6101|40|0.00|12.00|0.00|0.00|0.00|0.00|0.00|0.00|0.00|
|C170|4|PROD008|CONJUNTO MONTADO H|22.20|UN|20947.81|6101|40|0.00|12.00|0.00|0.00|0.00|0.00|0.00|0.00|0.00|
|C170|5|PROD003|MATERIAL BRUTO C|20.69|UN|5273.40|6101|41|0.00|12.00|0.00|0.00|0.00|0.00|0.00|0.00|0.00|
|C100|1|0|12345678000195|55|00|000000304|000|29032024|30032024|17373.61|12942.21|1553.06|0.00|0.00|0.00|0.00|0.00|0.00|0.00|0|33366699000100|
|C170|1|PROD006|EMBALAGEM PADRAO F|38.26|UN|288.11|5102|10|256.09|12.00|30.73|0.00|0.00|0.00|0.00|0.00|0.00|
|C170|2|PROD001|PECA MECANICA TIPO A|43.82|UN|3652.73|5102|40|0.00|12.00|0.00|0.00|0.00|0.00|0.00|0.00|0.00|
|C170|3|PROD002|COMPONENTE ELETRICO B|5.07|UN|391.43|5102|40|0.00|12.00|0.00|0.00|0.00|0.00|0.00|0.00|0.00|
|C170|4|PROD004|PRODUTO ACABADO D|14.45|UN|13041.34|5102|00|12686.12|12.00|1522.33|0.00|0.00|0.00|0.00|0.00|0.00|
|C100|1|0|12345678000195|55|00|000000305|000|21032024|24032024|37915.57|4276.24|513.15|0.00|0.00|0.00|0.00|0.00|0.00|0.00|0|99900011000155|
|C170|1|PROD001|PECA MECANICA TIPO A|40.59|UN|4521.65|5102|00|4276.24|12.00|513.15|0.00|0.00|0.00|0.00|0.00|0.00|
|C170|2|PROD006|EMBALAGEM PADRAO F|40.82|UN|320.88|5102|40|0.00|12.00|0.00|0.00|0.00|0.00|0.00|0.00|0.00|
|C170|3|PROD004|PRODUTO ACABADO D|33.94|UN|33073.04|5102|50|0.00|12.00|0.00|0.00|0.00|0.00|0.00|0.00|0.00|
|C100|1|0|12345678000195|55|00|000000306|000|16032024|17032024|19945.07|17509.63|2101.15|0.00|0.00|0.00|0.00|0.00|0.00|0.00|0|55512312300010|
|C170|1|PROD001|PECA MECANICA TIPO A|10.42|UN|1045.97|6101|00|1025.60|12.00|123.07|0.00|0.00|0.00|0.00|0.00|0.00|
|C170|2|PROD004|PRODUTO ACABADO D|33.32|UN|18899.10|6101|00|16484.03|12.00|1978.08|0.00|0.00|0.00|0.00|0.00|0.00|
|C100|1|0|12345678000195|55|00|000000307|000|18032024|19032024|924.47|0.00|0.00|0.00|0.00|0.00|0.00|0.00|0.00|0.00|0|77788899000177|
|C170|1|PROD005|INSUMO INDUSTRIAL E|24.08|UN|924.47|5401|30|0.00|12.00|0.00|0.00|0.00|0.00|0.00|0.00|0.00|
|C100|1|0|12345678000195|55|00|000000308|000|20032024|22032024|910.58|856.67|102.80|0.00|0.00|0.00|0.00|0.00|0.00|0.00|0|33366699000100|
|C170|1|PROD003|MATERIAL BRUTO C|2.91|UN|910.58|5101|00|856.67|12.00|102.80|0.00|0.00|0.00|0.00|0.00|0.00|
|C100|1|0|12345678000195|55|00|000000309|000|08032024|10032024|12977.10|12537.77|1504.53|0.00|0.00|0.00|0.00|0.00|0.00|0.00|0|55512312300010|
|C170|1|PROD008|CONJUNTO MONTADO H|18.00|UN|12977.10|5101|51|12537.77|12.00|1504.53|0.00|0.00|0.00|0.00|0.00|0.00|
|C100|1|0|12345678000195|55|00|000000310|000|11032024|14032024|1492.48|0.00|0.00|0.00|0.00|0.00|0.00|0.00|0.00|0.00|0|77788899000177|
|C170|1|PROD007|PARTE SOBRESSALENTE G|7.43|UN|1085.30|5102|41|0.00|12.00|0.00|0.00|0.00|0.00|0.00|0.00|0.00|
|C170|2|PROD005|INSUMO INDUSTRIAL E|22.40|UN|407.18|5102|40|0.00|12.00|0.00|0.00|0.00|0.00|0.00|0.00|0.00|
|C100|1|0|12345678000195|55|00|000000311|000|31032024|03042024|510.47|475.28|57.03|0.00|0.00|0.00|0.00|0.00|0.00|0.00|0|33366699000100|
|C170|1|PROD005|INSUMO INDUSTRIAL E|23.75|UN|510.47|6101|00|475.28|12.00|57.03|0.00|0.00|0.00|0.00|0.00|0.00|
|C100|1|0|12345678000195|55|00|000000312|000|01032024|03032024|26961.59|13098.47|1571.82|0.00|0.00|0.00|0.00|0.00|0.00|0.00|0|55512312300010|
|C170|1|PROD003|MATERIAL BRUTO C|17.31|UN|5433.86|5101|41|0.00|12.00|0.00|0.00|0.00|0.00|0.00|0.00|0.00|
|C170|2|PROD007|PARTE SOBRESSALENTE G|26.02|UN|3967.70|5101|60|0.00|12.00|0.00|0.00|0.00|0.00|0.00|0.00|0.00|
|C170|3|PROD008|CONJUNTO MONTADO H|13.87|UN|14266.62|5101|20|13098.47|12.00|1571.82|0.00|0.00|0.00|0.00|0.00|0.00|
|C170|4|PROD002|COMPONENTE ELETRICO B|36.91|UN|2383.32|5101|40|0.00|12.00|0.00|0.00|0.00|0.00|0.00|0.00|0.00|
|C170|5|PROD001|PECA MECANICA TIPO A|9.59|UN|910.09|5101|40|0.00|12.00|0.00|0.00|0.00|0.00|0.00|0.00|0.00|
|C100|1|0|12345678000195|55|00|000000313|000|08032024|08032024|15331.53|5714.05|685.69|0.00|0.00|0.00|0.00|0.00|0.00|0.00|0|99900011000155|
|C170|1|PROD007|PARTE SOBRESSALENTE G|45.72|UN|6008.13|5403|90|5714.05|12.00|685.69|0.00|0.00|0.00|0.00|0.00|0.00|
|C170|2|PROD004|PRODUTO ACABADO D|12.14|UN|9323.40|5403|41|0.00|12.00|0.00|0.00|0.00|0.00|0.00|0.00|0.00|
|C100|1|0|12345678000195|55|00|000000314|000|04032024|05032024|39642.96|11316.36|1357.97|0.00|0.00|0.00|0.00|0.00|0.00|0.00|0|77788899000177|
|C170|1|PROD006|EMBALAGEM PADRAO F|36.30|UN|332.91|6102|00|323.64|12.00|38.84|0.00|0.00|0.00|0.00|0.00|0.00|
|C170|2|PROD006|EMBALAGEM PADRAO F|28.07|UN|328.48|6102|60|0.00|12.00|0.00|0.00|0.00|0.00|0.00|0.00|0.00|
|C170|3|PROD003|MATERIAL BRUTO C|39.43|UN|11388.78|6102|10|10992.72|12.00|1319.13|0.00|0.00|0.00|0.00|0.00|0.00|
|C170|4|PROD008|CONJUNTO MONTADO H|27.69|UN|24778.25|6102|40|0.00|12.00|0.00|0.00|0.00|0.00|0.00|0.00|0.00|
|C170|5|PROD002|COMPONENTE ELETRICO B|37.09|UN|2814.54|6102|40|0.00|12.00|0.00|0.00|0.00|0.00|0.00|0.00|0.00|
|C100|1|0|12345678000195|55|00|000000315|000|19032024|19032024|7289.21|6380.43|765.65|0.00|0.00|0.00|0.00|0.00|0.00|0.00|0|22244466000133|
|C170|1|PROD003|MATERIAL BRUTO C|27.62|UN|5584.91|6102|00|4787.78|12.00|574.53|0.00|0.00|0.00|0.00|0.00|0.00|
|C170|2|PROD002|COMPONENTE ELETRICO B|17.25|UN|953.36|6102|00|918.49|12.00|110.22|0.00|0.00|0.00|0.00|0.00|0.00|
|C170|3|PROD005|INSUMO INDUSTRIAL E|19.19|UN|750.94|6102|00|674.16|12.00|80.90|0.00|0.00|0.00|0.00|0.00|0.00|
|C100|1|0|12345678000195|55|00|000000316|000|14032024|14032024|4292.55|1144.59|137.35|0.00|0.00|0.00|0.00|0.00|0.00|0.00|0|22244466000133|
|C170|1|PROD006|EMBALAGEM PADRAO F|7.86|UN|51.41|5102|00|45.86|12.00|5.50|0.00|0.00|0.00|0.00|0.00|0.00|
|C170|2|PROD001|PECA MECANICA TIPO A|24.47|UN|1905.73|5102|40|0.00|12.00|0.00|0.00|0.00|0.00|0.00|0.00|0.00|
|C170|3|PROD005|INSUMO INDUSTRIAL E|32.37|UN|1227.36|5102|00|1098.73|12.00|131.85|0.00|0.00|0.00|0.00|0.00|0.00|
|C170|4|PROD005|INSUMO INDUSTRIAL E|38.92|UN|1108.05|5102|60|0.00|12.00|0.00|0.00|0.00|0.00|0.00|0.00|0.00|
|C100|1|0|12345678000195|55|00|000000317|000|26032024|26032024|2133.70|1813.79|217.66|0.00|0.00|0.00|0.00|0.00|0.00|0.00|0|33366699000100|
|C170|1|PROD006|EMBALAGEM PADRAO F|13.28|UN|86.16|6101|30|0.00|12.00|0.00|0.00|0.00|0.00|0.00|0.00|0.00|
|C170|2|PROD002|COMPONENTE ELETRICO B|38.57|UN|1738.10|6101|20|1510.24|12.00|181.23|0.00|0.00|0.00|0.00|0.00|0.00|
|C170|3|PROD002|COMPONENTE ELETRICO B|6.42|UN|309.44|6101|00|303.55|12.00|36.43|0.00|0.00|0.00|0.00|0.00|0.00|
|C100|1|0|12345678000195|55|00|000000318|000|04032024|06032024|39404.25|6422.79|770.73|0.00|0.00|0.00|0.00|0.00|0.00|0.00|0|99900011000155|
|C170|1|PROD003|MATERIAL BRUTO C|46.48|UN|11974.64|6101|50|0.00|12.00|0.00|0.00|0.00|0.00|0.00|0.00|0.00|
|C170|2|PROD003|MATERIAL BRUTO C|28.59|UN|7343.00|6101|00|6422.79|12.00|770.73|0.00|0.00|0.00|0.00|0.00|0.00|
|C170|3|PROD008|CONJUNTO MONTADO H|23.16|UN|20086.61|6101|41|0.00|12.00|0.00|0.00|0.00|0.00|0.00|0.00|0.00|
|C100|1|0|12345678000195|55|00|000000319|000|22032024|23032024|10413.20|8737.33|1048.48|0.00|0.00|0.00|0.00|0.00|0.00|0.00|0|77788899000177|
|C170|1|PROD006|EMBALAGEM PADRAO F|11.89|UN|66.35|6101|40|0.00|12.00|0.00|0.00|0.00|0.00|0.00|0.00|0.00|
|C170|2|PROD003|MATERIAL BRUTO C|46.16|UN|10196.28|6101|10|8737.33|12.00|1048.48|0.00|0.00|0.00|0.00|0.00|0.00|
|C170|3|PROD002|COMPONENTE ELETRICO B|1.99|UN|150.57|6101|40|0.00|12.00|0.00|0.00|0.00|0.00|0.00|0.00|0.00|
|C100|1|0|12345678000195|55|00|000000320|000|06032024|06032024|6412.76|464.74|55.77|0.00|0.00|0.00|0.00|0.00|0.00|0.00|0|22244466000133|
|C170|1|PROD001|PECA MECANICA TIPO A|8.69|UN|519.09|5403|00|464.74|12.00|55.77|0.00|0.00|0.00|0.00|0.00|0.00|
|C170|2|PROD003|MATERIAL BRUTO C|20.96|UN|5893.67|5403|41|0.00|12.00|0.00|0.00|0.00|0.00|0.00|0.00|0.00|
|C100|1|0|12345678000195|55|00|000000321|000|12032024|13032024|34553.62|0.00|0.00|0.00|0.00|0.00|0.00|0.00|0.00|0.00|0|55512312300010|
|C170|1|PROD008|CONJUNTO MONTADO H|11.29|UN|14682.07|6101|50|0.00|12.00|0.00|0.00|0.00|0.00|0.00|0.00|0.00|
|C170|2|PROD004|PRODUTO ACABADO D|20.41|UN|19871.55|6101|50|0.00|12.00|0.00|0.00|0.00|0.00|0.00|0.00|0.00|
|C100|1|0|12345678000195|55|00|000000322|000|07032024|07032024|12536.16|8610.73|1033.29|0.00|0.00|0.00|0.00|0.00|0.00|0.00|0|55512312300010|
|C170|1|PROD002|COMPONENTE ELETRICO B|10.06|UN|326.81|5102|00|306.47|12.00|36.78|0.00|0.00|0.00|0.00|0.00|0.00|
|C170|2|PROD001|PECA MECANICA TIPO A|6.21|UN|414.31|5102|00|375.39|12.00|45.05|0.00|0.00|0.00|0.00|0.00|0.00|
|C170|3|PROD005|INSUMO INDUSTRIAL E|12.06|UN|377.57|5102|00|324.43|12.00|38.93|0.00|0.00|0.00|0.00|0.00|0.00|
|C170|4|PROD008|CONJUNTO MONTADO H|3.85|UN|2752.73|5102|40|0.00|12.00|0.00|0.00|0.00|0.00|0.00|0.00|0.00|
|C170|5|PROD003|MATERIAL BRUTO C|32.75|UN|8664.74|5102|10|7604.44|12.00|912.53|0.00|0.00|0.00|0.00|0.00|0.00|
|C100|1|0|12345678000195|55|00|000000323|000|13032024|15032024|5985.71|5593.87|671.26|0.00|0.00|0.00|0.00|0.00|0.00|0.00|0|33366699000100|
|C170|1|PROD001|PECA MECANICA TIPO A|1.12|UN|91.24|6102|90|88.67|12.00|10.64|0.00|0.00|0.00|0.00|0.00|0.00|
|C170|2|PROD006|EMBALAGEM PADRAO F|7.99|UN|39.95|6102|41|0.00|12.00|0.00|0.00|0.00|0.00|0.00|0.00|0.00|
|C170|3|PROD003|MATERIAL BRUTO C|17.86|UN|5726.02|6102|00|5505.20|12.00|660.62|0.00|0.00|0.00|0.00|0.00|0.00|
|C170|4|PROD005|INSUMO INDUSTRIAL E|5.06|UN|128.50|6102|40|0.00|12.00|0.00|0.00|0.00|0.00|0.00|0.00|0.00|
|C100|1|0|12345678000195|55|00|000000324|000|30032024|30032024|43876.89|35231.41|4227.77|0.00|0.00|0.00|0.00|0.00|0.00|0.00|0|22244466000133|
|C170|1|PROD004|PRODUTO ACABADO D|13.01|UN|6584.26|5401|40|0.00|12.00|0.00|0.00|0.00|0.00|0.00|0.00|0.00|
|C170|2|PROD004|PRODUTO ACABADO D|31.13|UN|29687.16|5401|10|28251.84|12.00|3390.22|0.00|0.00|0.00|0.00|0.00|0.00|
|C170|3|PROD003|MATERIAL BRUTO C|35.27|UN|7605.47|5401|00|6979.57|12.00|837.55|0.00|0.00|0.00|0.00|0.00|0.00|
|C100|1|0|12345678000195|55|00|000000325|000|14032024|17032024|17628.14|7849.90|941.99|0.00|0.00|0.00|0.00|0.00|0.00|0.00|0|22244466000133|
|C170|1|PROD003|MATERIAL BRUTO C|38.22|UN|8028.19|6102|00|7516.99|12.00|902.04|0.00|0.00|0.00|0.00|0.00|0.00|
|C170|2|PROD003|MATERIAL BRUTO C|28.14|UN|9093.51|6102|40|0.00|12.00|0.00|0.00|0.00|0.00|0.00|0.00|0.00|
|C170|3|PROD006|EMBALAGEM PADRAO F|24.36|UN|131.07|6102|40|0.00|12.00|0.00|0.00|0.00|0.00|0.00|0.00|0.00|
|C170|4|PROD006|EMBALAGEM PADRAO F|40.06|UN|375.37|6102|00|332.91|12.00|39.95|0.00|0.00|0.00|0.00|0.00|0.00|
|C100|1|0|12345678000195|55|00|000000326|000|13032024|16032024|24164.92|8003.77|960.44|0.00|0.00|0.00|0.00|0.00|0.00|0.00|0|55512312300010|
|C170|1|PROD006|EMBALAGEM PADRAO F|11.02|UN|74.05|6102|00|70.54|12.00|8.46|0.00|0.00|0.00|0.00|0.00|0.00|
|C170|2|PROD004|PRODUTO ACABADO D|7.03|UN|4716.71|6102|00|4624.03|12.00|554.88|0.00|0.00|0.00|0.00|0.00|0.00|
|C170|3|PROD004|PRODUTO ACABADO D|19.55|UN|15740.07|6102|40|0.00|12.00|0.00|0.00|0.00|0.00|0.00|0.00|0.00|
|C170|4|PROD007|PARTE SOBRESSALENTE G|32.71|UN|3578.69|6102|00|3309.20|12.00|397.10|0.00|0.00|0.00|0.00|0.00|0.00|
|C170|5|PROD006|EMBALAGEM PADRAO F|5.07|UN|55.40|6102|40|0.00|12.00|0.00|0.00|0.00|0.00|0.00|0.00|0.00|
|C100|1|0|12345678000195|55|00|000000327|000|01032024|01032024|45310.85|9651.33|1158.16|0.00|0.00|0.00|0.00|0.00|0.00|0.00|0|77788899000177|
|C170|1|PROD004|PRODUTO ACABADO D|45.51|UN|35200.44|5101|30|0.00|12.00|0.00|0.00|0.00|0.00|0.00|0.00|0.00|
|C170|2|PROD003|MATERIAL BRUTO C|45.48|UN|10110.41|5101|00|9651.33|12.00|1158.16|0.00|0.00|0.00|0.00|0.00|0.00|
|C100|1|0|12345678000195|55|00|000000328|000|05032024|07032024|5412.37|4713.50|565.61|0.00|0.00|0.00|0.00|0.00|0.00|0.00|0|77788899000177|
|C170|1|PROD005|INSUMO INDUSTRIAL E|19.62|UN|404.74|5403|90|389.86|12.00|46.78|0.00|0.00|0.00|0.00|0.00|0.00|
|C170|2|PROD006|EMBALAGEM PADRAO F|27.23|UN|185.18|5403|20|172.78|12.00|20.73|0.00|0.00|0.00|0.00|0.00|0.00|
|C170|3|PROD007|PARTE SOBRESSALENTE G|40.27|UN|4822.45|5403|10|4150.86|12.00|498.10|0.00|0.00|0.00|0.00|0.00|0.00|
|C100|1|0|12345678000195|55|00|000000329|000|29032024|30032024|4087.29|2218.95|266.27|0.00|0.00|0.00|0.00|0.00|0.00|0.00|0|33366699000100|
|C170|1|PROD001|PECA MECANICA TIPO A|14.46|UN|1605.04|6101|50|0.00|12.00|0.00|0.00|0.00|0.00|0.00|0.00|0.00|
|C170|2|PROD001|PECA MECANICA TIPO A|40.39|UN|2482.25|6101|20|2218.95|12.00|266.27|0.00|0.00|0.00|0.00|0.00|0.00|
|C100|1|0|12345678000195|55|00|000000330|000|15032024|16032024|3971.60|3581.64|429.80|0.00|0.00|0.00|0.00|0.00|0.00|0.00|0|22244466000133|
|C170|1|PROD007|PARTE SOBRESSALENTE G|24.91|UN|3971.60|5401|10|3581.64|12.00|429.80|0.00|0.00|0.00|0.00|0.00|0.00|
|C100|1|0|12345678000195|55|00|000000331|000|16032024|18032024|11779.88|9315.62|1117.87|0.00|0.00|0.00|0.00|0.00|0.00|0.00|0|77788899000177|
|C170|1|PROD003|MATERIAL BRUTO C|13.75|UN|3659.85|6102|00|3344.66|12.00|401.36|0.00|0.00|0.00|0.00|0.00|0.00|
|C170|2|PROD007|PARTE SOBRESSALENTE G|9.07|UN|1316.33|6102|40|0.00|12.00|0.00|0.00|0.00|0.00|0.00|0.00|0.00|
|C170|3|PROD005|INSUMO INDUSTRIAL E|35.70|UN|1335.89|6102|00|1217.02|12.00|146.04|0.00|0.00|0.00|0.00|0.00|0.00|
|C170|4|PROD008|CONJUNTO MONTADO H|7.77|UN|5467.81|6102|20|4753.94|12.00|570.47|0.00|0.00|0.00|0.00|0.00|0.00|
|C100|1|0|12345678000195|55|00|000000332|000|14032024|16032024|51770.31|45906.97|5508.84|0.00|0.00|0.00|0.00|0.00|0.00|0.00|0|99900011000155|
|C170|1|PROD008|CONJUNTO MONTADO H|38.53|UN|47218.13|5403|51|45170.95|12.00|5420.51|0.00|0.00|0.00|0.00|0.00|0.00|
|C170|2|PROD007|PARTE SOBRESSALENTE G|9.79|UN|1522.56|5403|40|0.00|12.00|0.00|0.00|0.00|0.00|0.00|0.00|0.00|
|C170|3|PROD002|COMPONENTE ELETRICO B|35.41|UN|2257.49|5403|40|0.00|12.00|0.00|0.00|0.00|0.00|0.00|0.00|0.00|
|C170|4|PROD006|EMBALAGEM PADRAO F|11.56|UN|113.17|5403|00|98.55|12.00|11.83|0.00|0.00|0.00|0.00|0.00|0.00|
|C170|5|PROD007|PARTE SOBRESSALENTE G|7.42|UN|658.96|5403|20|637.47|12.00|76.50|0.00|0.00|0.00|0.00|0.00|0.00|
|C100|1|0|12345678000195|55|00|000000333|000|29032024|29032024|14035.87|13859.22|1663.11|0.00|0.00|0.00|0.00|0.00|0.00|0.00|0|33366699000100|
|C170|1|PROD007|PARTE SOBRESSALENTE G|25.18|UN|3122.32|5102|51|3091.84|12.00|371.02|0.00|0.00|0.00|0.00|0.00|0.00|
|C170|2|PROD003|MATERIAL BRUTO C|35.26|UN|10913.55|5102|00|10767.38|12.00|1292.09|0.00|0.00|0.00|0.00|0.00|0.00|
|C100|1|0|12345678000195|55|00|000000334|000|24032024|27032024|846.48|172.58|20.71|0.00|0.00|0.00|0.00|0.00|0.00|0.00|0|22244466000133|
|C170|1|PROD001|PECA MECANICA TIPO A|3.54|UN|183.28|5102|00|172.58|12.00|20.71|0.00|0.00|0.00|0.00|0.00|0.00|
|C170|2|PROD005|INSUMO INDUSTRIAL E|7.56|UN|173.22|5102|40|0.00|12.00|0.00|0.00|0.00|0.00|0.00|0.00|0.00|
|C170|3|PROD006|EMBALAGEM PADRAO F|42.20|UN|489.98|5102|70|0.00|12.00|0.00|0.00|0.00|0.00|0.00|0.00|0.00|
|C100|1|0|12345678000195|55|00|000000335|000|07032024|10032024|31052.83|28255.96|3390.72|0.00|0.00|0.00|0.00|0.00|0.00|0.00|0|77788899000177|
|C170|1|PROD006|EMBALAGEM PADRAO F|35.24|UN|242.78|6102|00|239.96|12.00|28.80|0.00|0.00|0.00|0.00|0.00|0.00|
|C170|2|PROD008|CONJUNTO MONTADO H|24.92|UN|30810.05|6102|20|28016.00|12.00|3361.92|0.00|0.00|0.00|0.00|0.00|0.00|
|C100|1|0|12345678000195|55|00|000000336|000|21032024|22032024|5748.21|5070.35|608.44|0.00|0.00|0.00|0.00|0.00|0.00|0.00|0|22244466000133|
|C170|1|PROD007|PARTE SOBRESSALENTE G|40.59|UN|4632.07|6102|00|3984.06|12.00|478.09|0.00|0.00|0.00|0.00|0.00|0.00|
|C170|2|PROD007|PARTE SOBRESSALENTE G|7.78|UN|1116.14|6102|00|1086.29|12.00|130.35|0.00|0.00|0.00|0.00|0.00|0.00|
|C100|1|0|12345678000195|55|00|000000337|000|29032024|31032024|11535.16|7250.74|870.09|0.00|0.00|0.00|0.00|0.00|0.00|0.00|0|55512312300010|
|C170|1|PROD002|COMPONENTE ELETRICO B|43.61|UN|1796.46|6101|90|1584.26|12.00|190.11|0.00|0.00|0.00|0.00|0.00|0.00|
|C170|2|PROD007|PARTE SOBRESSALENTE G|42.61|UN|5711.89|6101|10|5666.48|12.00|679.98|0.00|0.00|0.00|0.00|0.00|0.00|
|C170|3|PROD007|PARTE SOBRESSALENTE G|25.97|UN|4026.81|6101|40|0.00|12.00|0.00|0.00|0.00|0.00|0.00|0.00|0.00|
|C100|1|0|12345678000195|55|00|000000338|000|13032024|16032024|215.67|0.00|0.00|0.00|0.00|0.00|0.00|0.00|0.00|0.00|0|99900011000155|
|C170|1|PROD006|EMBALAGEM PADRAO F|19.68|UN|215.67|6102|40|0.00|12.00|0.00|0.00|0.00|0.00|0.00|0.00|0.00|
|C100|1|0|12345678000195|55|00|000000339|000|20032024|22032024|59060.22|45543.14|5465.17|0.00|0.00|0.00|0.00|0.00|0.00|0.00|0|33366699000100|
|C170|1|PROD002|COMPONENTE ELETRICO B|41.86|UN|1517.53|5403|00|1349.44|12.00|161.93|0.00|0.00|0.00|0.00|0.00|0.00|
|C170|2|PROD005|INSUMO INDUSTRIAL E|19.11|UN|734.02|5403|60|0.00|12.00|0.00|0.00|0.00|0.00|0.00|0.00|0.00|
|C170|3|PROD003|MATERIAL BRUTO C|46.60|UN|11934.63|5403|50|0.00|12.00|0.00|0.00|0.00|0.00|0.00|0.00|0.00|
|C170|4|PROD004|PRODUTO ACABADO D|48.49|UN|44599.31|5403|00|43923.11|12.00|5270.77|0.00|0.00|0.00|0.00|0.00|0.00|
|C170|5|PROD005|INSUMO INDUSTRIAL E|15.30|UN|274.73|5403|10|270.59|12.00|32.47|0.00|0.00|0.00|0.00|0.00|0.00|
|C100|1|0|12345678000195|55|00|000000340|000|18032024|18032024|7874.38|6199.83|743.98|0.00|0.00|0.00|0.00|0.00|0.00|0.00|0|55512312300010|
|C170|1|PROD006|EMBALAGEM PADRAO F|32.27|UN|175.20|5102|00|155.28|12.00|18.63|0.00|0.00|0.00|0.00|0.00|0.00|
|C170|2|PROD005|INSUMO INDUSTRIAL E|18.08|UN|459.05|5102|30|0.00|12.00|0.00|0.00|0.00|0.00|0.00|0.00|0.00|
|C170|3|PROD007|PARTE SOBRESSALENTE G|4.72|UN|457.97|5102|10|425.16|12.00|51.02|0.00|0.00|0.00|0.00|0.00|0.00|
|C170|4|PROD006|EMBALAGEM PADRAO F|33.07|UN|228.86|5102|40|0.00|12.00|0.00|0.00|0.00|0.00|0.00|0.00|0.00|
|C170|5|PROD003|MATERIAL BRUTO C|24.39|UN|6553.30|5102|10|5619.39|12.00|674.33|0.00|0.00|0.00|0.00|0.00|0.00|
|C100|1|0|12345678000195|55|00|000000341|000|20032024|20032024|25884.47|15333.60|1840.03|0.00|0.00|0.00|0.00|0.00|0.00|0.00|0|55512312300010|
|C170|1|PROD005|INSUMO INDUSTRIAL E|42.20|UN|1146.55|5101|00|990.25|12.00|118.83|0.00|0.00|0.00|0.00|0.00|0.00|
|C170|2|PROD003|MATERIAL BRUTO C|46.43|UN|9545.08|5101|60|0.00|12.00|0.00|0.00|0.00|0.00|0.00|0.00|0.00|
|C170|3|PROD003|MATERIAL BRUTO C|39.73|UN|11860.30|5101|20|11159.91|12.00|1339.19|0.00|0.00|0.00|0.00|0.00|0.00|
|C170|4|PROD001|PECA MECANICA TIPO A|35.00|UN|3332.54|5101|00|3183.44|12.00|382.01|0.00|0.00|0.00|0.00|0.00|0.00|
|C100|1|0|12345678000195|55|00|000000342|000|03032024|03032024|53140.86|5732.56|687.91|0.00|0.00|0.00|0.00|0.00|0.00|0.00|0|22244466000133|
|C170|1|PROD008|LINHA_CORROMPIDA|
|C170|2|PROD004|PRODUTO ACABADO D|22.49|UN|17495.44|5401|40|0.00|12.00|0.00|0.00|0.00|0.00|0.00|0.00|0.00|
|C170|3|PROD007|PARTE SOBRESSALENTE G|10.90|UN|1045.36|5401|20|963.27|12.00|115.59|0.00|0.00|0.00|0.00|0.00|0.00|
|C170|4|PROD008|CONJUNTO MONTADO H|3.04|UN|2813.53|5401|00|2800.72|12.00|336.09|0.00|0.00|0.00|0.00|0.00|0.00|
|C170|5|PROD001|PECA MECANICA TIPO A|27.28|UN|2079.75|5401|00|1968.57|12.00|236.23|0.00|0.00|0.00|0.00|0.00|0.00|
|C100|1|0|12345678000195|55|00|000000343|000|19032024|21032024|20986.71|13048.08|1565.77|0.00|0.00|0.00|0.00|0.00|0.00|0.00|0|55512312300010|
|C170|1|PROD004|PRODUTO ACABADO D|18.87|UN|11605.39|5403|00|11006.78|12.00|1320.81|0.00|0.00|0.00|0.00|0.00|0.00|
|C170|2|PROD002|COMPONENTE ELETRICO B|38.75|UN|2247.67|5403|00|2041.30|12.00|244.96|0.00|0.00|0.00|0.00|0.00|0.00|
|C170|3|PROD003|MATERIAL BRUTO C|33.31|UN|7133.65|5403|60|0.00|12.00|0.00|0.00|0.00|0.00|0.00|0.00|0.00|
|C100|1|0|12345678000195|55|00|000000344|000|11032024|11032024|18912.40|848.45|101.81|0.00|0.00|0.00|0.00|0.00|0.00|0.00|0|22244466000133|
|C170|1|PROD005|INSUMO INDUSTRIAL E|27.86|UN|872.70|5101|00|848.45|12.00|101.81|0.00|0.00|0.00|0.00|0.00|0.00|
|C170|2|PROD003|MATERIAL BRUTO C|39.04|UN|7846.27|5101|41|0.00|12.00|0.00|0.00|0.00|0.00|0.00|0.00|0.00|
|C170|3|PROD004|PRODUTO ACABADO D|17.71|UN|10193.43|5101|50|0.00|12.00|0.00|0.00|0.00|0.00|0.00|0.00|0.00|
|C100|1|0|12345678000195|55|00|000000345|000|16032024|19032024|26605.76|13891.37|1666.97|0.00|0.00|0.00|0.00|0.00|0.00|0.00|0|77788899000177|
|C170|1|PROD005|INSUMO INDUSTRIAL E|37.19|UN|619.28|5403|10|607.65|12.00|72.92|0.00|0.00|0.00|0.00|0.00|0.00|
|C170|2|PROD006|EMBALAGEM PADRAO F|19.16|UN|136.04|5403|00|120.50|12.00|14.46|0.00|0.00|0.00|0.00|0.00|0.00|
|C170|3|PROD003|MATERIAL BRUTO C|40.39|UN|10907.05|5403|00|10768.42|12.00|1292.21|0.00|0.00|0.00|0.00|0.00|0.00|
|C170|4|PROD001|PECA MECANICA TIPO A|27.22|UN|2436.46|5403|20|2394.80|12.00|287.38|0.00|0.00|0.00|0.00|0.00|0.00|
|C170|5|PROD003|MATERIAL BRUTO C|42.28|UN|12506.93|5403|41|0.00|12.00|0.00|0.00|0.00|0.00|0.00|0.00|0.00|
|C100|1|0|12345678000195|55|00|000000346|000|18032024|19032024|88948.54|40611.02|4873.33|0.00|0.00|0.00|0.00|0.00|0.00|0.00|0|77788899000177|
|C170|1|PROD004|PRODUTO ACABADO D|44.06|UN|32632.76|5403|00|28365.72|12.00|3403.89|0.00|0.00|0.00|0.00|0.00|0.00|
|C170|2|PROD008|CONJUNTO MONTADO H|36.89|UN|42674.08|5403|60|0.00|12.00|0.00|0.00|0.00|0.00|0.00|0.00|0.00|
|C170|3|PROD008|CONJUNTO MONTADO H|10.72|UN|13362.57|5403|00|12245.30|12.00|1469.44|0.00|0.00|0.00|0.00|0.00|0.00|
|C170|4|PROD001|PECA MECANICA TIPO A|5.06|UN|279.13|5403|50|0.00|12.00|0.00|0.00|0.00|0.00|0.00|0.00|0.00|
|C100|1|0|12345678000195|55|00|000000347|000|05032024|06032024|102398.01|34059.56|4087.15|0.00|0.00|0.00|0.00|0.00|0.00|0.00|0|33366699000100|
|C170|1|PROD004|PRODUTO ACABADO D|18.09|UN|14764.97|5401|50|0.00|12.00|0.00|0.00|0.00|0.00|0.00|0.00|0.00|
|C170|2|PROD008|CONJUNTO MONTADO H|34.90|UN|35345.84|5401|20|34059.56|12.00|4087.15|0.00|0.00|0.00|0.00|0.00|0.00|
|C170|3|PROD008|CONJUNTO MONTADO H|41.88|UN|52287.20|5401|60|0.00|12.00|0.00|0.00|0.00|0.00|0.00|0.00|0.00|
|C100|1|0|12345678000195|55|00|000000348|000|22032024|25032024|21987.08|10407.84|1248.94|0.00|0.00|0.00|0.00|0.00|0.00|0.00|0|55512312300010|
|C170|1|PROD003|MATERIAL BRUTO C|38.71|UN|10104.74|5101|00|9512.70|12.00|1141.52|0.00|0.00|0.00|0.00|0.00|0.00|
|C170|2|PROD005|INSUMO INDUSTRIAL E|34.38|UN|1002.24|5101|00|895.14|12.00|107.42|0.00|0.00|0.00|0.00|0.00|0.00|
|C170|3|PROD003|MATERIAL BRUTO C|14.04|UN|2843.77|5101|40|0.00|12.00|0.00|0.00|0.00|0.00|0.00|0.00|0.00|
|C170|4|PROD004|PRODUTO ACABADO D|8.46|UN|8036.33|5101|50|0.00|12.00|0.00|0.00|0.00|0.00|0.00|0.00|0.00|
|C100|1|0|12345678000195|55|00|000000349|000|22032024|25032024|15750.01|2230.23|267.63|0.00|0.00|0.00|0.00|0.00|0.00|0.00|0|77788899000177|
|C170|1|PROD002|COMPONENTE ELETRICO B|35.03|UN|1296.22|6102|00|1116.55|12.00|133.99|0.00|0.00|0.00|0.00|0.00|0.00|
|C170|2|PROD004|PRODUTO ACABADO D|13.66|UN|13282.44|6102|40|0.00|12.00|0.00|0.00|0.00|0.00|0.00|0.00|0.00|
|C170|3|PROD002|COMPONENTE ELETRICO B|23.47|UN|1171.35|6102|00|1113.68|12.00|133.64|0.00|0.00|0.00|0.00|0.00|0.00|
|C100|1|0|12345678000195|55|00|000000350|000|02032024|02032024|11668.30|10021.33|1202.56|0.00|0.00|0.00|0.00|0.00|0.00|0.00|0|22244466000133|
|C170|1|PROD007|PARTE SOBRESSALENTE G|2.82|UN|384.00|5401|00|349.27|12.00|41.91|0.00|0.00|0.00|0.00|0.00|0.00|
|C170|2|PROD005|INSUMO INDUSTRIAL E|41.61|UN|794.35|5401|00|735.24|12.00|88.23|0.00|0.00|0.00|0.00|0.00|0.00|
|C170|3|PROD001|PECA MECANICA TIPO A|7.59|UN|565.00|5401|40|0.00|12.00|0.00|0.00|0.00|0.00|0.00|0.00|0.00|
|C170|4|PROD008|CONJUNTO MONTADO H|11.24|UN|9924.95|5401|20|8936.82|12.00|1072.42|0.00|0.00|0.00|0.00|0.00|0.00|
|C100|1|0|12345678000195|55|00|000000351|000|28032024|29032024|7641.91|4782.12|573.85|0.00|0.00|0.00|0.00|0.00|0.00|0.00|0|22244466000133|
|C170|1|PROD003|MATERIAL BRUTO C|25.11|UN|5357.80|5102|00|4782.12|12.00|573.85|0.00|0.00|0.00|0.00|0.00|0.00|
|C170|2|PROD005|INSUMO INDUSTRIAL E|20.74|UN|630.38|5102|50|0.00|12.00|0.00|0.00|0.00|0.00|0.00|0.00|0.00|
|C170|3|PROD002|COMPONENTE ELETRICO B|19.84|UN|1653.73|5102|40|0.00|12.00|0.00|0.00|0.00|0.00|0.00|0.00|0.00|
|C100|1|0|12345678000195|55|00|000000352|000|21032024|24032024|5482.66|3389.14|406.70|0.00|0.00|0.00|0.00|0.00|0.00|0.00|0|22244466000133|
|C170|1|PROD007|PARTE SOBRESSALENTE G|11.18|UN|1736.64|5401|70|0.00|12.00|0.00|0.00|0.00|0.00|0.00|0.00|0.00|
|C170|2|PROD001|PECA MECANICA TIPO A|34.94|UN|3746.02|5401|20|3389.14|12.00|406.70|0.00|0.00|0.00|0.00|0.00|0.00|
|C100|1|0|12345678000195|55|00|000000353|000|05032024|07032024|15604.66|13071.36|1568.56|0.00|0.00|0.00|0.00|0.00|0.00|0.00|0|99900011000155|
|C170|1|PROD003|MATERIAL BRUTO C|33.82|UN|8235.75|5403|00|7042.86|12.00|845.14|0.00|0.00|0.00|0.00|0.00|0.00|
|C170|2|PROD007|PARTE SOBRESSALENTE G|44.15|UN|5916.71|5403|00|5513.87|12.00|661.66|0.00|0.00|0.00|0.00|0.00|0.00|
|C170|3|PROD005|INSUMO INDUSTRIAL E|33.54|UN|581.23|5403|40|0.00|12.00|0.00|0.00|0.00|0.00|0.00|0.00|0.00|
|C170|4|PROD002|COMPONENTE ELETRICO B|19.47|UN|602.88|5403|00|514.63|12.00|61.76|0.00|0.00|0.00|0.00|0.00|0.00|
|C170|5|PROD006|EMBALAGEM PADRAO F|38.52|UN|268.09|5403|50|0.00|12.00|0.00|0.00|0.00|0.00|0.00|0.00|0.00|
|C100|1|0|12345678000195|55|00|000000354|000|29032024|29032024|56908.44|54462.81|6535.54|0.00|0.00|0.00|0.00|0.00|0.00|0.00|0|22244466000133|
|C170|1|PROD006|EMBALAGEM PADRAO F|35.11|UN|224.34|5403|00|220.93|12.00|26.51|0.00|0.00|0.00|0.00|0.00|0.00|
|C170|2|PROD008|CONJUNTO MONTADO H|42.41|UN|56684.10|5403|10|54241.88|12.00|6509.03|0.00|0.00|0.00|0.00|0.00|0.00|
|C100|1|0|12345678000195|55|00|000000355|000|26032024|26032024|152.85|0.00|0.00|0.00|0.00|0.00|0.00|0.00|0.00|0.00|0|77788899000177|
|C170|1|PROD001|PECA MECANICA TIPO A|2.85|UN|152.85|5101|50|0.00|12.00|0.00|0.00|0.00|0.00|0.00|0.00|0.00|
|C100|1|0|12345678000195|55|00|000000356|000|08032024|08032024|13738.85|12348.89|1481.87|0.00|0.00|0.00|0.00|0.00|0.00|0.00|0|99900011000155|
|C170|1|PROD005|INSUMO INDUSTRIAL E|41.37|UN|1700.89|6101|00|1609.99|12.00|193.20|0.00|0.00|0.00|0.00|0.00|0.00|
|C170|2|PROD006|EMBALAGEM PADRAO F|47.47|UN|348.90|6101|70|0.00|12.00|0.00|0.00|0.00|0.00|0.00|0.00|0.00|
|C170|3|PROD007|PARTE SOBRESSALENTE G|4.16|UN|513.64|6101|70|0.00|12.00|0.00|0.00|0.00|0.00|0.00|0.00|0.00|
|C170|4|PROD003|MATERIAL BRUTO C|38.04|UN|11175.42|6101|00|10738.90|12.00|1288.67|0.00|0.00|0.00|0.00|0.00|0.00|
|C100|1|0|12345678000195|55|00|000000357|000|30032024|01042024|24284.42|51.58|6.19|0.00|0.00|0.00|0.00|0.00|0.00|0.00|0|55512312300010|
|C170|1|PROD006|EMBALAGEM PADRAO F|5.34|UN|55.46|6102|10|51.58|12.00|6.19|0.00|0.00|0.00|0.00|0.00|0.00|
|C170|2|PROD004|PRODUTO ACABADO D|32.49|UN|24228.96|6102|50|0.00|12.00|0.00|0.00|0.00|0.00|0.00|0.00|0.00|
|C100|1|0|12345678000195|55|00|000000358|000|05032024|08032024|15463.41|14208.24|1704.99|0.00|0.00|0.00|0.00|0.00|0.00|0.00|0|77788899000177|
|C170|1|PROD003|MATERIAL BRUTO C|49.22|UN|15463.41|6101|10|14208.24|12.00|1704.99|0.00|0.00|0.00|0.00|0.00|0.00|
|C100|1|0|12345678000195|55|00|000000359|000|25032024|28032024|37753.46|32804.48|3936.53|0.00|0.00|0.00|0.00|0.00|0.00|0.00|0|33366699000100|
|C170|1|PROD008|CONJUNTO MONTADO H|43.30|UN|32981.70|5101|90|31402.94|12.00|3768.35|0.00|0.00|0.00|0.00|0.00|0.00|
|C170|2|PROD002|COMPONENTE ELETRICO B|47.40|UN|3179.86|5101|40|0.00|12.00|0.00|0.00|0.00|0.00|0.00|0.00|0.00|
|C170|3|PROD008|CONJUNTO MONTADO H|1.41|UN|1591.90|5101|20|1401.54|12.00|168.18|0.00|0.00|0.00|0.00|0.00|0.00|
|C100|1|0|12345678000195|55|00|000000360|000|20032024|22032024|1736.84|1586.31|190.36|0.00|0.00|0.00|0.00|0.00|0.00|0.00|0|22244466000133|
|C170|1|PROD005|INSUMO INDUSTRIAL E|49.38|UN|1736.84|5102|00|1586.31|12.00|190.36|0.00|0.00|0.00|0.00|0.00|0.00|
|C100|1|0|12345678000195|55|00|000000361|000|16032024|19032024|3947.56|685.06|82.21|0.00|0.00|0.00|0.00|0.00|0.00|0.00|0|77788899000177|
|C170|1|PROD006|EMBALAGEM PADRAO F|40.80|UN|326.01|6102|40|0.00|12.00|0.00|0.00|0.00|0.00|0.00|0.00|0.00|
|C170|2|PROD007|PARTE SOBRESSALENTE G|5.82|UN|695.71|6102|10|685.06|12.00|82.21|0.00|0.00|0.00|0.00|0.00|0.00|
|C170|3|PROD001|PECA MECANICA TIPO A|33.25|UN|2925.84|6102|70|0.00|12.00|0.00|0.00|0.00|0.00|0.00|0.00|0.00|
|C100|1|0|12345678000195|55|00|000000362|000|30032024|31032024|10867.64|10140.97|1216.92|0.00|0.00|0.00|0.00|0.00|0.00|0.00|0|22244466000133|
|C170|1|PROD005|INSUMO INDUSTRIAL E|44.08|UN|1592.03|5403|00|1573.96|12.00|188.88|0.00|0.00|0.00|0.00|0.00|0.00|
|C170|2|PROD006|EMBALAGEM PADRAO F|9.42|UN|57.57|5403|20|52.69|12.00|6.32|0.00|0.00|0.00|0.00|0.00|0.00|
|C170|3|PROD003|MATERIAL BRUTO C|26.22|UN|7962.53|5403|00|7603.30|12.00|912.40|0.00|0.00|0.00|0.00|0.00|0.00|
|C170|4|PROD001|PECA MECANICA TIPO A|10.54|UN|1001.92|5403|00|911.02|12.00|109.32|0.00|0.00|0.00|0.00|0.00|0.00|
|C170|5|PROD006|EMBALAGEM PADRAO F|41.03|UN|253.59|5403|40|0.00|12.00|0.00|0.00|0.00|0.00|0.00|0.00|0.00|
|C100|1|0|12345678000195|55|00|000000363|000|22032024|22032024|5788.15|1717.52|206.10|0.00|0.00|0.00|0.00|0.00|0.00|0.00|0|99900011000155|
|C170|1|PROD005|INSUMO INDUSTRIAL E|27.24|UN|508.26|5403|10|468.36|12.00|56.20|0.00|0.00|0.00|0.00|0.00|0.00|
|C170|2|PROD002|COMPONENTE ELETRICO B|23.78|UN|1280.68|5403|90|1249.16|12.00|149.90|0.00|0.00|0.00|0.00|0.00|0.00|
|C170|3|PROD003|MATERIAL BRUTO C|19.63|UN|3999.21|5403|50|0.00|12.00|0.00|0.00|0.00|0.00|0.00|0.00|0.00|
|C100|1|0|12345678000195|55|00|000000364|000|12032024|12032024|62511.62|60385.04|7246.20|0.00|0.00|0.00|0.00|0.00|0.00|0.00|0|99900011000155|
|C170|1|PROD008|CONJUNTO MONTADO H|46.00|UN|62511.62|5401|00|60385.04|12.00|7246.20|0.00|0.00|0.00|0.00|0.00|0.00|
|C100|1|0|12345678000195|55|00|000000365|000|29032024|01042024|11302.66|10360.47|1243.26|0.00|0.00|0.00|0.00|0.00|0.00|0.00|0|55512312300010|
|C170|1|PROD005|INSUMO INDUSTRIAL E|29.92|UN|1215.39|5401|10|1105.36|12.00|132.64|0.00|0.00|0.00|0.00|0.00|0.00|
|C170|2|PROD002|COMPONENTE ELETRICO B|40.27|UN|2391.64|5401|20|2265.46|12.00|271.86|0.00|0.00|0.00|0.00|0.00|0.00|
|C170|3|PROD001|PECA MECANICA TIPO A|42.23|UN|3023.53|5401|20|2595.44|12.00|311.45|0.00|0.00|0.00|0.00|0.00|0.00|
|C170|4|PROD007|PARTE SOBRESSALENTE G|32.92|UN|4672.10|5401|00|4394.21|12.00|527.31|0.00|0.00|0.00|0.00|0.00|0.00|
|C100|1|0|12345678000195|55|00|000000366|000|09032024|10032024|32581.96|22649.65|2717.96|0.00|0.00|0.00|0.00|0.00|0.00|0.00|0|33366699000100|
|C170|1|PROD005|INSUMO INDUSTRIAL E|3.44|UN|73.24|6101|00|63.81|12.00|7.66|0.00|0.00|0.00|0.00|0.00|0.00|
|C170|2|PROD008|CONJUNTO MONTADO H|10.61|UN|8346.49|6101|40|0.00|12.00|0.00|0.00|0.00|0.00|0.00|0.00|0.00|
|C170|3|PROD003|MATERIAL BRUTO C|8.35|UN|2462.40|6101|00|2280.37|12.00|273.64|0.00|0.00|0.00|0.00|0.00|0.00|
|C170|4|PROD004|PRODUTO ACABADO D|41.95|UN|21699.83|6101|00|20305.47|12.00|2436.66|0.00|0.00|0.00|0.00|0.00|0.00|
|C100|1|0|12345678000195|55|00|000000367|000|13032024|15032024|3867.18|3788.19|454.59|0.00|0.00|0.00|0.00|0.00|0.00|0.00|0|55512312300010|
|C170|1|PROD002|COMPONENTE ELETRICO B|21.00|UN|873.43|5102|00|815.89|12.00|97.91|0.00|0.00|0.00|0.00|0.00|0.00|
|C170|2|PROD007|PARTE SOBRESSALENTE G|19.84|UN|2993.75|5102|00|2972.30|12.00|356.68|0.00|0.00|0.00|0.00|0.00|0.00|
|C100|1|0|12345678000195|55|00|000000368|000|01032024|02032024|19330.90|0.00|0.00|0.00|0.00|0.00|0.00|0.00|0.00|0.00|0|77788899000177|
|C170|1|PROD008|CONJUNTO MONTADO H|21.75|UN|19176.76|5401|50|0.00|12.00|0.00|0.00|0.00|0.00|0.00|0.00|0.00|
|C170|2|PROD006|EMBALAGEM PADRAO F|23.11|UN|154.14|5401|70|0.00|12.00|0.00|0.00|0.00|0.00|0.00|0.00|0.00|
|C100|1|0|12345678000195|55|00|000000369|000|01032024|03032024|4006.11|0.00|0.00|0.00|0.00|0.00|0.00|0.00|0.00|0.00|0|33366699000100|
|C170|1|PROD007|PARTE SOBRESSALENTE G|38.37|UN|4006.11|5403|70|0.00|12.00|0.00|0.00|0.00|0.00|0.00|0.00|0.00|
|C100|1|0|12345678000195|55|00|000000370|000|12032024|15032024|25662.40|3142.47|377.10|0.00|0.00|0.00|0.00|0.00|0.00|0.00|0|99900011000155|
|C170|1|PROD003|MATERIAL BRUTO C|11.21|UN|3326.95|6102|00|3013.89|12.00|361.67|0.00|0.00|0.00|0.00|0.00|0.00|
|C170|2|PROD006|EMBALAGEM PADRAO F|13.46|UN|135.59|6102|00|128.58|12.00|15.43|0.00|0.00|0.00|0.00|0.00|0.00|
|C170|3|PROD005|INSUMO INDUSTRIAL E|44.92|UN|1856.54|6102|40|0.00|12.00|0.00|0.00|0.00|0.00|0.00|0.00|0.00|
|C170|4|PROD004|PRODUTO ACABADO D|21.52|UN|20343.32|6102|30|0.00|12.00|0.00|0.00|0.00|0.00|0.00|0.00|0.00|
|C100|1|0|12345678000195|55|00|000000371|000|17032024|18032024|19830.43|7391.52|886.97|0.00|0.00|0.00|0.00|0.00|0.00|0.00|0|33366699000100|
|C170|1|PROD006|EMBALAGEM PADRAO F|22.02|UN|134.76|5401|20|124.54|12.00|14.94|0.00|0.00|0.00|0.00|0.00|0.00|
|C170|2|PROD002|COMPONENTE ELETRICO B|22.27|UN|1148.05|5401|00|1029.78|12.00|123.57|0.00|0.00|0.00|0.00|0.00|0.00|
|C170|3|PROD008|CONJUNTO MONTADO H|8.56|UN|11147.84|5401|50|0.00|12.00|0.00|0.00|0.00|0.00|0.00|0.00|0.00|
|C170|4|PROD003|MATERIAL BRUTO C|24.16|UN|6734.30|5401|00|6237.20|12.00|748.46|0.00|0.00|0.00|0.00|0.00|0.00|
|C170|5|PROD005|INSUMO INDUSTRIAL E|30.84|UN|665.48|5401|41|0.00|12.00|0.00|0.00|0.00|0.00|0.00|0.00|0.00|
|C100|1|0|12345678000195|55|00|000000372|000|25032024|26032024|15618.15|13223.42|1586.81|0.00|0.00|0.00|0.00|0.00|0.00|0.00|0|22244466000133|
|C170|1|PROD003|MATERIAL BRUTO C|49.84|UN|15131.64|6102|51|12933.79|12.00|1552.05|0.00|0.00|0.00|0.00|0.00|0.00|
|C170|2|PROD007|PARTE SOBRESSALENTE G|2.17|UN|298.60|6102|10|289.63|12.00|34.76|0.00|0.00|0.00|0.00|0.00|0.00|
|C170|3|PROD006|EMBALAGEM PADRAO F|18.70|UN|187.91|6102|40|0.00|12.00|0.00|0.00|0.00|0.00|0.00|0.00|0.00|
|C100|1|0|12345678000195|55|00|000000373|000|09032024|12032024|4095.99|0.00|0.00|0.00|0.00|0.00|0.00|0.00|0.00|0.00|0|99900011000155|
|C170|1|PROD006|EMBALAGEM PADRAO F|23.44|UN|163.11|5403|60|0.00|12.00|0.00|0.00|0.00|0.00|0.00|0.00|0.00|
|C170|2|PROD001|PECA MECANICA TIPO A|38.15|UN|3932.88|5403|40|0.00|12.00|0.00|0.00|0.00|0.00|0.00|0.00|0.00|
|C100|1|0|12345678000195|55|00|000000374|000|15032024|16032024|45449.03|0.00|0.00|0.00|0.00|0.00|0.00|0.00|0.00|0.00|0|22244466000133|
|C170|1|PROD008|CONJUNTO MONTADO H|39.63|UN|37326.26|6102|40|0.00|12.00|0.00|0.00|0.00|0.00|0.00|0.00|0.00|
|C170|2|PROD007|PARTE SOBRESSALENTE G|34.60|UN|3436.77|6102|60|0.00|12.00|0.00|0.00|0.00|0.00|0.00|0.00|0.00|
|C170|3|PROD005|INSUMO INDUSTRIAL E|4.11|UN|76.90|6102|40|0.00|12.00|0.00|0.00|0.00|0.00|0.00|0.00|0.00|
|C170|4|PROD003|MATERIAL BRUTO C|18.21|UN|4609.10|6102|40|0.00|12.00|0.00|0.00|0.00|0.00|0.00|0.00|0.00|
|C100|1|0|12345678000195|55|00|000000375|000|10032024|12032024|12829.77|9552.32|1146.28|0.00|0.00|0.00|0.00|0.00|0.00|0.00|0|55512312300010|
|C170|1|PROD008|CONJUNTO MONTADO H|11.28|UN|9684.73|5101|00|9552.32|12.00|1146.28|0.00|0.00|0.00|0.00|0.00|0.00|
|C170|2|PROD001|PECA MECANICA TIPO A|30.23|UN|3145.04|5101|40|0.00|12.00|0.00|0.00|0.00|0.00|0.00|0.00|0.00|
|C100|1|0|12345678000195|55|00|000000376|000|27032024|28032024|8771.00|7688.00|922.57|0.00|0.00|0.00|0.00|0.00|0.00|0.00|0|77788899000177|
|C170|1|PROD007|PARTE SOBRESSALENTE G|5.93|UN|541.70|5403|40|0.00|12.00|0.00|0.00|0.00|0.00|0.00|0.00|0.00|
|C170|2|PROD007|PARTE SOBRESSALENTE G|29.23|UN|2980.77|5403|51|2712.99|12.00|325.56|0.00|0.00|0.00|0.00|0.00|0.00|
|C170|3|PROD002|COMPONENTE ELETRICO B|10.05|UN|556.06|5403|00|518.64|12.00|62.24|0.00|0.00|0.00|0.00|0.00|0.00|
|C170|4|PROD007|PARTE SOBRESSALENTE G|42.18|UN|4657.96|5403|00|4425.88|12.00|531.11|0.00|0.00|0.00|0.00|0.00|0.00|
|C170|5|PROD006|EMBALAGEM PADRAO F|6.44|UN|34.51|5403|10|30.49|12.00|3.66|0.00|0.00|0.00|0.00|0.00|0.00|
|C100|1|0|12345678000195|55|00|000000377|000|18032024|20032024|7373.63|2458.29|295.00|0.00|0.00|0.00|0.00|0.00|0.00|0.00|0|77788899000177|
|C170|1|PROD003|MATERIAL BRUTO C|22.14|UN|4563.75|5401|40|0.00|12.00|0.00|0.00|0.00|0.00|0.00|0.00|0.00|
|C170|2|PROD001|PECA MECANICA TIPO A|45.53|UN|2534.42|5401|00|2189.90|12.00|262.79|0.00|0.00|0.00|0.00|0.00|0.00|
|C170|3|PROD006|EMBALAGEM PADRAO F|24.36|UN|275.46|5401|10|268.39|12.00|32.21|0.00|0.00|0.00|0.00|0.00|0.00|
|C100|1|0|12345678000195|55|00|000000378|000|25032024|26032024|58763.50|141.03|16.92|0.00|0.00|0.00|0.00|0.00|0.00|0.00|0|33366699000100|
|C170|1|PROD006|EMBALAGEM PADRAO F|27.65|UN|158.97|6102|20|141.03|12.00|16.92|0.00|0.00|0.00|0.00|0.00|0.00|
|C170|2|PROD008|CONJUNTO MONTADO H|13.26|UN|10167.40|6102|50|0.00|12.00|0.00|0.00|0.00|0.00|0.00|0.00|0.00|
|C170|3|PROD004|PRODUTO ACABADO D|42.45|UN|34829.46|6102|50|0.00|12.00|0.00|0.00|0.00|0.00|0.00|0.00|0.00|
|C170|4|PROD004|PRODUTO ACABADO D|19.35|UN|13607.67|6102|40|0.00|12.00|0.00|0.00|0.00|0.00|0.00|0.00|0.00|
|C100|1|0|12345678000195|55|00|000000379|000|25032024|28032024|1269.33|0.00|0.00|0.00|0.00|0.00|0.00|0.00|0.00|0.00|0|77788899000177|
|C170|1|PROD002|COMPONENTE ELETRICO B|21.79|UN|1269.33|5401|30|0.00|12.00|0.00|0.00|0.00|0.00|0.00|0.00|0.00|
|C100|1|0|12345678000195|55|00|000000380|000|26032024|29032024|815.41|780.00|93.60|0.00|0.00|0.00|0.00|0.00|0.00|0.00|0|99900011000155|
|C170|1|PROD001|PECA MECANICA TIPO A|3.90|UN|350.97|5403|00|342.14|12.00|41.06|0.00|0.00|0.00|0.00|0.00|0.00|
|C170|2|PROD005|INSUMO INDUSTRIAL E|12.78|UN|464.44|5403|00|437.86|12.00|52.54|0.00|0.00|0.00|0.00|0.00|0.00|
|C100|1|0|12345678000195|55|00|000000381|000|31032024|31032024|57046.72|46130.44|5535.66|0.00|0.00|0.00|0.00|0.00|0.00|0.00|0|33366699000100|
|C170|1|PROD008|CONJUNTO MONTADO H|31.16|UN|34687.05|5403|00|33755.13|12.00|4050.62|0.00|0.00|0.00|0.00|0.00|0.00|
|C170|2|PROD003|MATERIAL BRUTO C|45.80|UN|13997.09|5403|20|12375.31|12.00|1485.04|0.00|0.00|0.00|0.00|0.00|0.00|
|C170|3|PROD001|PECA MECANICA TIPO A|40.39|UN|4698.34|5403|70|0.00|12.00|0.00|0.00|0.00|0.00|0.00|0.00|0.00|
|C170|4|PROD003|MATERIAL BRUTO C|11.55|UN|3664.24|5403|50|0.00|12.00|0.00|0.00|0.00|0.00|0.00|0.00|0.00|
|C100|1|0|12345678000195|55|00|000000382|000|30032024|30032024|41331.25|39058.58|4687.03|0.00|0.00|0.00|0.00|0.00|0.00|0.00|0|99900011000155|
|C170|1|PROD003|MATERIAL BRUTO C|19.10|UN|6156.36|5401|20|5571.14|12.00|668.54|0.00|0.00|0.00|0.00|0.00|0.00|
|C170|2|PROD008|CONJUNTO MONTADO H|43.09|UN|34530.91|5401|00|33092.79|12.00|3971.13|0.00|0.00|0.00|0.00|0.00|0.00|
|C170|3|PROD006|EMBALAGEM PADRAO F|6.25|UN|42.41|5401|20|40.93|12.00|4.91|0.00|0.00|0.00|0.00|0.00|0.00|
|C170|4|PROD006|EMBALAGEM PADRAO F|22.64|UN|187.21|5401|40|0.00|12.00|0.00|0.00|0.00|0.00|0.00|0.00|0.00|
|C170|5|PROD001|PECA MECANICA TIPO A|4.13|UN|414.36|5401|00|353.72|12.00|42.45|0.00|0.00|0.00|0.00|0.00|0.00|
|C100|1|0|12345678000195|55|00|000000383|000|21032024|23032024|1157.72|1137.39|136.49|0.00|0.00|0.00|0.00|0.00|0.00|0.00|0|33366699000100|
|C170|1|PROD005|INSUMO INDUSTRIAL E|35.66|UN|1157.72|5102|00|1137.39|12.00|136.49|0.00|0.00|0.00|0.00|0.00|0.00|
|C100|1|0|12345678000195|55|00|000000384|000|08032024|08032024|493.43|205.27|24.63|0.00|0.00|0.00|0.00|0.00|0.00|0.00|0|33366699000100|
|C170|1|PROD006|EMBALAGEM PADRAO F|24.70|UN|240.82|5101|00|205.27|12.00|24.63|0.00|0.00|0.00|0.00|0.00|0.00|
|C170|2|PROD005|INSUMO INDUSTRIAL E|8.21|UN|252.61|5101|70|0.00|12.00|0.00|0.00|0.00|0.00|0.00|0.00|0.00|
|C100|1|0|12345678000195|55|00|000000385|000|20032024|21032024|5325.56|1489.57|178.75|0.00|0.00|0.00|0.00|0.00|0.00|0.00|0|22244466000133|
|C170|1|PROD007|PARTE SOBRESSALENTE G|8.92|UN|793.52|5403|20|756.06|12.00|90.73|0.00|0.00|0.00|0.00|0.00|0.00|
|C170|2|PROD008|CONJUNTO MONTADO H|5.09|UN|3750.93|5403|30|0.00|12.00|0.00|0.00|0.00|0.00|0.00|0.00|0.00|
|C170|3|PROD002|COMPONENTE ELETRICO B|12.20|UN|781.11|5403|00|733.51|12.00|88.02|0.00|0.00|0.00|0.00|0.00|0.00|
|C100|1|0|12345678000195|55|00|000000386|000|13032024|13032024|16740.46|2482.54|297.90|0.00|0.00|0.00|0.00|0.00|0.00|0.00|0|77788899000177|
|C170|1|PROD002|COMPONENTE ELETRICO B|2.32|UN|86.99|5401|30|0.00|12.00|0.00|0.00|0.00|0.00|0.00|0.00|0.00|
|C170|2|PROD004|PRODUTO ACABADO D|23.11|UN|11565.86|5401|40|0.00|12.00|0.00|0.00|0.00|0.00|0.00|0.00|0.00|
|C170|3|PROD007|PARTE SOBRESSALENTE G|17.97|UN|2292.41|5401|40|0.00|12.00|0.00|0.00|0.00|0.00|0.00|0.00|0.00|
|C170|4|PROD001|PECA MECANICA TIPO A|36.72|UN|2795.20|5401|00|2482.54|12.00|297.90|0.00|0.00|0.00|0.00|0.00|0.00|
|C100|1|0|12345678000195|55|00|000000387|000|02032024|02032024|2313.59|0.00|0.00|0.00|0.00|0.00|0.00|0.00|0.00|0.00|0|33366699000100|
|C170|1|PROD002|COMPONENTE ELETRICO B|32.66|UN|2313.59|5102|30|0.00|12.00|0.00|0.00|0.00|0.00|0.00|0.00|0.00|
|C100|1|0|12345678000195|55|00|000000388|000|16032024|16032024|6834.13|6000.51|720.06|0.00|0.00|0.00|0.00|0.00|0.00|0.00|0|99900011000155|
|C170|1|PROD006|EMBALAGEM PADRAO F|16.49|UN|128.65|5102|41|0.00|12.00|0.00|0.00|0.00|0.00|0.00|0.00|0.00|
|C170|2|PROD008|CONJUNTO MONTADO H|3.31|UN|3824.36|5102|00|3255.59|12.00|390.67|0.00|0.00|0.00|0.00|0.00|0.00|
|C170|3|PROD002|COMPONENTE ELETRICO B|39.26|UN|2881.12|5102|00|2744.92|12.00|329.39|0.00|0.00|0.00|0.00|0.00|0.00|
|C100|1|0|12345678000195|55|00|000000389|000|22032024|24032024|783.07|724.93|86.99|0.00|0.00|0.00|0.00|0.00|0.00|0.00|0|22244466000133|
|C170|1|PROD005|INSUMO INDUSTRIAL E|36.46|UN|783.07|5401|20|724.93|12.00|86.99|0.00|0.00|0.00|0.00|0.00|0.00|
|C100|1|0|12345678000195|55|00|000000390|000|03032024|04032024|28772.55|25654.14|3078.50|0.00|0.00|0.00|0.00|0.00|0.00|0.00|0|55512312300010|
|C170|1|PROD004|PRODUTO ACABADO D|43.70|UN|28424.68|6101|00|25358.30|12.00|3043.00|0.00|0.00|0.00|0.00|0.00|0.00|
|C170|2|PROD001|PECA MECANICA TIPO A|3.94|UN|347.87|6101|00|295.84|12.00|35.50|0.00|0.00|0.00|0.00|0.00|0.00|
|C100|1|0|12345678000195|55|00|000000391|000|18032024|19032024|4312.41|2428.76|291.45|0.00|0.00|0.00|0.00|0.00|0.00|0.00|0|77788899000177|
|C170|1|PROD002|COMPONENTE ELETRICO B|37.27|UN|2522.50|5401|00|2428.76|12.00|291.45|0.00|0.00|0.00|0.00|0.00|0.00|
|C170|2|PROD007|PARTE SOBRESSALENTE G|19.95|UN|1789.91|5401|41|0.00|12.00|0.00|0.00|0.00|0.00|0.00|0.00|0.00|
|C100|1|0|12345678000195|55|00|000000392|000|08032024|11032024|1619.80|0.00|0.00|0.00|0.00|0.00|0.00|0.00|0.00|0.00|0|22244466000133|
|C170|1|PROD005|INSUMO INDUSTRIAL E|34.33|UN|1116.10|5101|40|0.00|12.00|0.00|0.00|0.00|0.00|0.00|0.00|0.00|
|C170|2|PROD006|EMBALAGEM PADRAO F|49.53|UN|503.70|5101|40|0.00|12.00|0.00|0.00|0.00|0.00|0.00|0.00|0.00|
|C100|1|0|12345678000195|55|00|000000393|000|24032024|26032024|15934.61|14169.13|1700.30|0.00|0.00|0.00|0.00|0.00|0.00|0.00|0|22244466000133|
|C170|1|PROD004|PRODUTO ACABADO D|4.96|UN|4142.75|6102|00|3552.63|12.00|426.32|0.00|0.00|0.00|0.00|0.00|0.00|
|C170|2|PROD002|COMPONENTE ELETRICO B|24.22|UN|738.50|6102|00|654.47|12.00|78.54|0.00|0.00|0.00|0.00|0.00|0.00|
|C170|3|PROD001|PECA MECANICA TIPO A|28.47|UN|3160.28|6102|00|2996.36|12.00|359.56|0.00|0.00|0.00|0.00|0.00|0.00|
|C170|4|PROD003|MATERIAL BRUTO C|27.12|UN|7893.08|6102|00|6965.67|12.00|835.88|0.00|0.00|0.00|0.00|0.00|0.00|
|C100|1|0|12345678000195|55|00|000000394|000|17032024|19032024|22405.36|21204.15|2544.50|0.00|0.00|0.00|0.00|0.00|0.00|0.00|0|55512312300010|
|C170|1|PROD008|CONJUNTO MONTADO H|29.62|UN|22405.36|5101|00|21204.15|12.00|2544.50|0.00|0.00|0.00|0.00|0.00|0.00|
|C100|1|0|12345678000195|55|00|000000395|000|09032024|11032024|47894.00|32913.22|3949.59|0.00|0.00|0.00|0.00|0.00|0.00|0.00|0|33366699000100|
|C170|1|PROD004|PRODUTO ACABADO D|10.12|UN|7135.92|5403|00|6535.64|12.00|784.28|0.00|0.00|0.00|0.00|0.00|0.00|
|C170|2|PROD005|INSUMO INDUSTRIAL E|36.98|UN|1364.34|5403|40|0.00|12.00|0.00|0.00|0.00|0.00|0.00|0.00|0.00|
|C170|3|PROD003|MATERIAL BRUTO C|34.11|UN|9382.91|5403|41|0.00|12.00|0.00|0.00|0.00|0.00|0.00|0.00|0.00|
|C170|4|PROD004|PRODUTO ACABADO D|42.48|UN|26141.85|5403|10|22638.39|12.00|2716.61|0.00|0.00|0.00|0.00|0.00|0.00|
|C170|5|PROD001|PECA MECANICA TIPO A|37.37|UN|3868.98|5403|10|3739.19|12.00|448.70|0.00|0.00|0.00|0.00|0.00|0.00|
|C100|1|0|12345678000195|55|00|000000396|000|08032024|08032024|54283.05|0.00|0.00|0.00|0.00|0.00|0.00|0.00|0.00|0.00|0|99900011000155|
|C170|1|PROD004|PRODUTO ACABADO D|42.46|UN|31922.57|5401|40|0.00|12.00|0.00|0.00|0.00|0.00|0.00|0.00|0.00|
|C170|2|PROD004|PRODUTO ACABADO D|41.34|UN|21590.92|5401|40|0.00|12.00|0.00|0.00|0.00|0.00|0.00|0.00|0.00|
|C170|3|PROD002|COMPONENTE ELETRICO B|11.65|UN|769.56|5401|40|0.00|12.00|0.00|0.00|0.00|0.00|0.00|0.00|0.00|
|C100|1|0|12345678000195|55|00|000000397|000|22032024|25032024|44306.37|22936.45|2752.38|0.00|0.00|0.00|0.00|0.00|0.00|0.00|0|33366699000100|
|C170|1|PROD003|MATERIAL BRUTO C|25.22|UN|5818.30|5101|00|5204.64|12.00|624.56|0.00|0.00|0.00|0.00|0.00|0.00|
|C170|2|PROD004|PRODUTO ACABADO D|34.32|UN|18339.39|5101|20|17731.81|12.00|2127.82|0.00|0.00|0.00|0.00|0.00|0.00|
|C170|3|PROD004|PRODUTO ACABADO D|34.53|UN|20148.68|5101|40|0.00|12.00|0.00|0.00|0.00|0.00|0.00|0.00|0.00|
|C100|1|0|12345678000195|55|00|000000398|000|06032024|08032024|17749.47|0.00|0.00|0.00|0.00|0.00|0.00|0.00|0.00|0.00|0|33366699000100|
|C170|1|PROD001|PECA MECANICA TIPO A|27.06|UN|2151.35|6101|60|0.00|12.00|0.00|0.00|0.00|0.00|0.00|0.00|0.00|
|C170|2|PROD004|PRODUTO ACABADO D|21.37|UN|15598.12|6101|50|0.00|12.00|0.00|0.00|0.00|0.00|0.00|0.00|0.00|
|C100|1|0|12345678000195|55|00|000000399|000|11032024|14032024|46140.82|31968.71|3836.25|0.00|0.00|0.00|0.00|0.00|0.00|0.00|0|22244466000133|
|C170|1|PROD004|PRODUTO ACABADO D|28.38|UN|27283.18|6101|00|24329.66|12.00|2919.56|0.00|0.00|0.00|0.00|0.00|0.00|
|C170|2|PROD005|INSUMO INDUSTRIAL E|11.78|UN|393.76|6101|60|0.00|12.00|0.00|0.00|0.00|0.00|0.00|0.00|0.00|
|C170|3|PROD004|PRODUTO ACABADO D|12.16|UN|10338.06|6101|40|0.00|12.00|0.00|0.00|0.00|0.00|0.00|0.00|0.00|
|C170|4|PROD001|PECA MECANICA TIPO A|4.86|UN|360.15|6101|90|346.47|12.00|41.58|0.00|0.00|0.00|0.00|0.00|0.00|
|C170|5|PROD004|PRODUTO ACABADO D|8.10|UN|7765.67|6101|90|7292.58|12.00|875.11|0.00|0.00|0.00|0.00|0.00|0.00|
|C100|1|0|12345678000195|55|00|000000400|000|16032024|16032024|2891.80|697.82|83.74|0.00|0.00|0.00|0.00|0.00|0.00|0.00|0|77788899000177|
|C170|1|PROD005|INSUMO INDUSTRIAL E|13.95|UN|351.19|5403|70|0.00|12.00|0.00|0.00|0.00|0.00|0.00|0.00|0.00|
|C170|2|PROD003|MATERIAL BRUTO C|8.11|UN|1737.24|5403|30|0.00|12.00|0.00|0.00|0.00|0.00|0.00|0.00|0.00|
|C170|3|PROD001|PECA MECANICA TIPO A|9.35|UN|803.37|5403|00|697.82|12.00|83.74|0.00|0.00|0.00|0.00|0.00|0.00|
|C100|1|0|12345678000195|55|00|000000401|000|01032024|01032024|28836.59|24742.21|2969.07|0.00|0.00|0.00|0.00|0.00|0.00|0.00|0|77788899000177|
|C170|1|PROD004|PRODUTO ACABADO D|29.59|UN|28836.59|6101|20|24742.21|12.00|2969.07|0.00|0.00|0.00|0.00|0.00|0.00|
|C100|1|0|12345678000195|55|00|000000402|000|11032024|14032024|10496.65|8517.67|1022.12|0.00|0.00|0.00|0.00|0.00|0.00|0.00|0|22244466000133|
|C170|1|PROD006|EMBALAGEM PADRAO F|44.83|UN|406.56|6101|20|382.18|12.00|45.86|0.00|0.00|0.00|0.00|0.00|0.00|
|C170|2|PROD007|PARTE SOBRESSALENTE G|16.47|UN|2542.80|6101|00|2348.40|12.00|281.81|0.00|0.00|0.00|0.00|0.00|0.00|
|C170|3|PROD005|INSUMO INDUSTRIAL E|6.41|UN|190.67|6101|20|171.67|12.00|20.60|0.00|0.00|0.00|0.00|0.00|0.00|
|C170|4|PROD003|MATERIAL BRUTO C|21.46|UN|5955.02|6101|00|5615.42|12.00|673.85|0.00|0.00|0.00|0.00|0.00|0.00|
|C170|5|PROD005|INSUMO INDUSTRIAL E|33.48|UN|1401.60|6101|60|0.00|12.00|0.00|0.00|0.00|0.00|0.00|0.00|0.00|
|C100|1|0|12345678000195|55|00|000000403|000|14032024|14032024|794.67|721.31|86.55|0.00|0.00|0.00|0.00|0.00|0.00|0.00|0|55512312300010|
|C170|1|PROD006|EMBALAGEM PADRAO F|47.92|UN|476.81|5403|20|422.69|12.00|50.72|0.00|0.00|0.00|0.00|0.00|0.00|
|C170|2|PROD006|EMBALAGEM PADRAO F|49.66|UN|317.86|5403|00|298.62|12.00|35.83|0.00|0.00|0.00|0.00|0.00|0.00|
|C100|1|0|12345678000195|55|00|000000404|000|27032024|29032024|1843.69|0.00|0.00|0.00|0.00|0.00|0.00|0.00|0.00|0.00|0|33366699000100|
|C170|1|PROD006|EMBALAGEM PADRAO F|6.06|UN|55.67|5403|40|0.00|12.00|0.00|0.00|0.00|0.00|0.00|0.00|0.00|
|C170|2|PROD007|PARTE SOBRESSALENTE G|11.68|UN|1788.02|5403|30|0.00|12.00|0.00|0.00|0.00|0.00|0.00|0.00|0.00|
|C100|1|0|12345678000195|55|00|000000405|000|19032024|20032024|34082.05|25509.49|3061.14|0.00|0.00|0.00|0.00|0.00|0.00|0.00|0|55512312300010|
|C170|1|PROD006|EMBALAGEM PADRAO F|35.19|UN|204.08|6101|00|198.67|12.00|23.84|0.00|0.00|0.00|0.00|0.00|0.00|
|C170|2|PROD008|CONJUNTO MONTADO H|25.48|UN|25434.39|6101|20|22338.48|12.00|2680.62|0.00|0.00|0.00|0.00|0.00|0.00|
|C170|3|PROD001|PECA MECANICA TIPO A|34.48|UN|2138.45|6101|10|2075.09|12.00|249.01|0.00|0.00|0.00|0.00|0.00|0.00|
|C170|4|PROD005|INSUMO INDUSTRIAL E|34.86|UN|919.66|6101|00|897.25|12.00|107.67|0.00|0.00|0.00|0.00|0.00|0.00|
|C170|5|PROD008|CONJUNTO MONTADO H|4.77|UN|5385.47|6101|30|0.00|12.00|0.00|0.00|0.00|0.00|0.00|0.00|0.00|
|C100|1|0|12345678000195|55|00|000000406|000|19032024|19032024|3985.81|924.64|110.96|0.00|0.00|0.00|0.00|0.00|0.00|0.00|0|33366699000100|
|C170|1|PROD006|EMBALAGEM PADRAO F|33.95|UN|312.73|5101|40|0.00|12.00|0.00|0.00|0.00|0.00|0.00|0.00|0.00|
|C170|2|PROD007|PARTE SOBRESSALENTE G|19.21|UN|2729.70|5101|30|0.00|12.00|0.00|0.00|0.00|0.00|0.00|0.00|0.00|
|C170|3|PROD002|COMPONENTE ELETRICO B|17.75|UN|943.38|5101|90|924.64|12.00|110.96|0.00|0.00|0.00|0.00|0.00|0.00|
|C100|1|0|12345678000195|55|00|000000407|000|30032024|30032024|22694.49|774.94|92.99|0.00|0.00|0.00|0.00|0.00|0.00|0.00|0|99900011000155|
|C170|1|PROD007|PARTE SOBRESSALENTE G|8.13|UN|859.80|5102|90|774.94|12.00|92.99|0.00|0.00|0.00|0.00|0.00|0.00|
|C170|2|PROD008|CONJUNTO MONTADO H|22.46|UN|20002.66|5102|50|0.00|12.00|0.00|0.00|0.00|0.00|0.00|0.00|0.00|
|C170|3|PROD002|COMPONENTE ELETRICO B|35.33|UN|1417.71|5102|40|0.00|12.00|0.00|0.00|0.00|0.00|0.00|0.00|0.00|
|C170|4|PROD006|EMBALAGEM PADRAO F|44.03|UN|414.32|5102|50|0.00|12.00|0.00|0.00|0.00|0.00|0.00|0.00|0.00|
|C100|1|0|12345678000195|55|00|000000408|000|27032024|30032024|29954.44|29086.15|3490.34|0.00|0.00|0.00|0.00|0.00|0.00|0.00|0|33366699000100|
|C170|1|PROD008|CONJUNTO MONTADO H|35.46|UN|29342.91|5403|00|28511.47|12.00|3421.38|0.00|0.00|0.00|0.00|0.00|0.00|
|C170|2|PROD001|PECA MECANICA TIPO A|6.95|UN|611.53|5403|00|574.68|12.00|68.96|0.00|0.00|0.00|0.00|0.00|0.00|
|C100|1|0|12345678000195|55|00|000000409|000|09032024|09032024|20602.48|2977.23|357.26|0.00|0.00|0.00|0.00|0.00|0.00|0.00|0|33366699000100|
|C170|1|PROD003|MATERIAL BRUTO C|12.88|UN|4303.29|5102|50|0.00|12.00|0.00|0.00|0.00|0.00|0.00|0.00|0.00|
|C170|2|PROD002|COMPONENTE ELETRICO B|30.29|UN|1777.29|5102|40|0.00|12.00|0.00|0.00|0.00|0.00|0.00|0.00|0.00|
|C170|3|PROD003|MATERIAL BRUTO C|38.98|UN|11432.15|5102|40|0.00|12.00|0.00|0.00|0.00|0.00|0.00|0.00|0.00|
|C170|4|PROD002|COMPONENTE ELETRICO B|22.00|UN|1460.85|5102|10|1414.45|12.00|169.73|0.00|0.00|0.00|0.00|0.00|0.00|
|C170|5|PROD001|PECA MECANICA TIPO A|27.38|UN|1628.90|5102|00|1562.78|12.00|187.53|0.00|0.00|0.00|0.00|0.00|0.00|
|C100|1|0|12345678000195|55|00|000000410|000|24032024|25032024|29856.77|29613.62|3553.63|0.00|0.00|0.00|0.00|0.00|0.00|0.00|0|99900011000155|
|C170|1|PROD004|PRODUTO ACABADO D|32.17|UN|29856.77|6102|10|29613.62|12.00|3553.63|0.00|0.00|0.00|0.00|0.00|0.00|
|C100|1|0|12345678000195|55|00|000000411|000|14032024|17032024|1303.72|1290.87|154.90|0.00|0.00|0.00|0.00|0.00|0.00|0.00|0|55512312300010|
|C170|1|PROD001|PECA MECANICA TIPO A|11.10|UN|1303.72|6101|20|1290.87|12.00|154.90|0.00|0.00|0.00|0.00|0.00|0.00|
|C100|1|0|12345678000195|55|00|000000412|000|01032024|04032024|4269.78|51.06|6.13|0.00|0.00|0.00|0.00|0.00|0.00|0.00|0|22244466000133|
|C170|1|PROD001|PECA MECANICA TIPO A|35.62|UN|4211.47|6102|40|0.00|12.00|0.00|0.00|0.00|0.00|0.00|0.00|0.00|
|C170|2|PROD006|EMBALAGEM PADRAO F|9.83|UN|58.31|6102|00|51.06|12.00|6.13|0.00|0.00|0.00|0.00|0.00|0.00|
|C100|1|0|12345678000195|55|00|000000413|000|04032024|05032024|26222.26|675.67|81.08|0.00|0.00|0.00|0.00|0.00|0.00|0.00|0|33366699000100|
|C170|1|PROD006|EMBALAGEM PADRAO F|16.12|UN|82.21|5101|60|0.00|12.00|0.00|0.00|0.00|0.00|0.00|0.00|0.00|
|C170|2|PROD002|COMPONENTE ELETRICO B|5.89|UN|433.21|5101|00|379.16|12.00|45.50|0.00|0.00|0.00|0.00|0.00|0.00|
|C170|3|PROD006|EMBALAGEM PADRAO F|38.28|UN|339.53|5101|51|296.51|12.00|35.58|0.00|0.00|0.00|0.00|0.00|0.00|
|C170|4|PROD004|PRODUTO ACABADO D|49.28|UN|25367.31|5101|40|0.00|12.00|0.00|0.00|0.00|0.00|0.00|0.00|0.00|
|C100|1|0|12345678000195|55|00|000000414|000|26032024|28032024|59753.93|30307.40|3636.89|0.00|0.00|0.00|0.00|0.00|0.00|0.00|0|77788899000177|
|C170|1|PROD003|MATERIAL BRUTO C|37.06|UN|9777.97|5101|00|8804.62|12.00|1056.55|0.00|0.00|0.00|0.00|0.00|0.00|
|C170|2|PROD004|PRODUTO ACABADO D|49.49|UN|24939.05|5101|50|0.00|12.00|0.00|0.00|0.00|0.00|0.00|0.00|0.00|
|C170|3|PROD006|EMBALAGEM PADRAO F|14.96|UN|107.15|5101|10|101.06|12.00|12.13|0.00|0.00|0.00|0.00|0.00|0.00|
|C170|4|PROD008|CONJUNTO MONTADO H|31.38|UN|23394.34|5101|00|20021.81|12.00|2402.62|0.00|0.00|0.00|0.00|0.00|0.00|
|C170|5|PROD001|PECA MECANICA TIPO A|16.24|UN|1535.42|5101|10|1379.91|12.00|165.59|0.00|0.00|0.00|0.00|0.00|0.00|
|C100|1|0|12345678000195|55|00|000000415|000|22032024|22032024|41353.98|36493.80|4379.25|0.00|0.00|0.00|0.00|0.00|0.00|0.00|0|55512312300010|
|C170|1|PROD004|PRODUTO ACABADO D|45.19|UN|39511.00|6101|00|34767.51|12.00|4172.10|0.00|0.00|0.00|0.00|0.00|0.00|
|C170|2|PROD001|PECA MECANICA TIPO A|19.78|UN|1842.98|6101|00|1726.29|12.00|207.15|0.00|0.00|0.00|0.00|0.00|0.00|
|C100|1|0|12345678000195|55|00|000000416|000|02032024|03032024|54049.25|11440.45|1372.85|0.00|0.00|0.00|0.00|0.00|0.00|0.00|0|77788899000177|
|C170|1|PROD004|PRODUTO ACABADO D|21.75|UN|12682.78|5102|00|11440.45|12.00|1372.85|0.00|0.00|0.00|0.00|0.00|0.00|
|C170|2|PROD004|PRODUTO ACABADO D|12.35|UN|8452.48|5102|40|0.00|12.00|0.00|0.00|0.00|0.00|0.00|0.00|0.00|
|C170|3|PROD005|INSUMO INDUSTRIAL E|5.55|UN|93.07|5102|50|0.00|12.00|0.00|0.00|0.00|0.00|0.00|0.00|0.00|
|C170|4|PROD008|CONJUNTO MONTADO H|39.34|UN|32820.92|5102|40|0.00|12.00|0.00|0.00|0.00|0.00|0.00|0.00|0.00|
|C100|1|0|12345678000195|55|00|000000417|000|26032024|27032024|1919.24|1706.85|204.82|0.00|0.00|0.00|0.00|0.00|0.00|0.00|0|99900011000155|
|C170|1|PROD003|MATERIAL BRUTO C|8.29|UN|1660.94|5401|20|1456.07|12.00|174.73|0.00|0.00|0.00|0.00|0.00|0.00|
|C170|2|PROD006|EMBALAGEM PADRAO F|37.49|UN|258.30|5401|00|250.78|12.00|30.09|0.00|0.00|0.00|0.00|0.00|0.00|
|C100|1|0|12345678000195|55|00|000000418|000|18032024|19032024|38228.01|34050.13|4086.02|0.00|0.00|0.00|0.00|0.00|0.00|0.00|0|99900011000155|
|C170|1|PROD002|COMPONENTE ELETRICO B|37.14|UN|1893.08|5102|60|0.00|12.00|0.00|0.00|0.00|0.00|0.00|0.00|0.00|
|C170|2|PROD003|MATERIAL BRUTO C|13.47|UN|2768.47|5102|20|2688.89|12.00|322.67|0.00|0.00|0.00|0.00|0.00|0.00|
|C170|3|PROD008|CONJUNTO MONTADO H|40.78|UN|33566.46|5102|00|31361.24|12.00|3763.35|0.00|0.00|0.00|0.00|0.00|0.00|
|C100|1|0|12345678000195|55|00|000000419|000|31032024|01042024|39446.69|8852.26|1062.27|0.00|0.00|0.00|0.00|0.00|0.00|0.00|0|22244466000133|
|C170|1|PROD003|MATERIAL BRUTO C|41.24|UN|8382.04|6101|51|7329.79|12.00|879.57|0.00|0.00|0.00|0.00|0.00|0.00|
|C170|2|PROD004|PRODUTO ACABADO D|38.20|UN|29355.54|6101|60|0.00|12.00|0.00|0.00|0.00|0.00|0.00|0.00|0.00|
|C170|3|PROD002|COMPONENTE ELETRICO B|26.63|UN|1709.11|6101|10|1522.47|12.00|182.70|0.00|0.00|0.00|0.00|0.00|0.00|
|C100|1|0|12345678000195|55|00|000000420|000|27032024|27032024|49118.05|40627.21|4875.26|0.00|0.00|0.00|0.00|0.00|0.00|0.00|0|22244466000133|
|C170|1|PROD004|PRODUTO ACABADO D|16.81|UN|9182.25|5102|51|8362.54|12.00|1003.50|0.00|0.00|0.00|0.00|0.00|0.00|
|C170|2|PROD008|CONJUNTO MONTADO H|3.19|UN|3260.59|5102|50|0.00|12.00|0.00|0.00|0.00|0.00|0.00|0.00|0.00|
|C170|3|PROD007|PARTE SOBRESSALENTE G|26.63|UN|2139.91|5102|41|0.00|12.00|0.00|0.00|0.00|0.00|0.00|0.00|0.00|
|C170|4|PROD004|PRODUTO ACABADO D|40.11|UN|26605.36|5102|00|24644.51|12.00|2957.34|0.00|0.00|0.00|0.00|0.00|0.00|
|C170|5|PROD003|MATERIAL BRUTO C|23.31|UN|7929.94|5102|90|7620.16|12.00|914.42|0.00|0.00|0.00|0.00|0.00|0.00|
|C100|1|0|12345678000195|55|00|000000421|000|21032024|24032024|66826.04|62332.83|7479.94|0.00|0.00|0.00|0.00|0.00|0.00|0.00|0|99900011000155|
|C170|1|PROD005|INSUMO INDUSTRIAL E|29.39|UN|803.52|6102|20|695.83|12.00|83.50|0.00|0.00|0.00|0.00|0.00|0.00|
|C170|2|PROD004|PRODUTO ACABADO D|35.31|UN|32152.34|6102|00|31493.01|12.00|3779.16|0.00|0.00|0.00|0.00|0.00|0.00|
|C170|3|PROD004|PRODUTO ACABADO D|42.90|UN|33481.66|6102|00|29769.53|12.00|3572.34|0.00|0.00|0.00|0.00|0.00|0.00|
|C170|4|PROD005|INSUMO INDUSTRIAL E|22.57|UN|388.52|6102|00|374.46|12.00|44.94|0.00|0.00|0.00|0.00|0.00|0.00|
|C100|1|0|12345678000195|55|00|000000422|000|09032024|12032024|38559.96|33022.77|3962.73|0.00|0.00|0.00|0.00|0.00|0.00|0.00|0|99900011000155|
|C170|1|PROD004|PRODUTO ACABADO D|36.67|UN|18334.23|5101|10|17076.92|12.00|2049.23|0.00|0.00|0.00|0.00|0.00|0.00|
|C170|2|PROD007|PARTE SOBRESSALENTE G|25.75|UN|4004.49|5101|40|0.00|12.00|0.00|0.00|0.00|0.00|0.00|0.00|0.00|
|C170|3|PROD004|PRODUTO ACABADO D|19.83|UN|16221.24|5101|00|15945.85|12.00|1913.50|0.00|0.00|0.00|0.00|0.00|0.00|
|C100|1|0|12345678000195|55|00|000000423|000|07032024|09032024|67441.46|5056.23|606.75|0.00|0.00|0.00|0.00|0.00|0.00|0.00|0|77788899000177|
|C170|1|PROD008|CONJUNTO MONTADO H|44.49|UN|61771.36|6102|40|0.00|12.00|0.00|0.00|0.00|0.00|0.00|0.00|0.00|
|C170|2|PROD003|MATERIAL BRUTO C|17.06|UN|5670.10|6102|90|5056.23|12.00|606.75|0.00|0.00|0.00|0.00|0.00|0.00|
|C100|1|0|12345678000195|55|00|000000424|000|21032024|23032024|53990.15|0.00|0.00|0.00|0.00|0.00|0.00|0.00|0.00|0.00|0|55512312300010|
|C170|1|PROD007|PARTE SOBRESSALENTE G|16.23|UN|1474.84|5403|40|0.00|12.00|0.00|0.00|0.00|0.00|0.00|0.00|0.00|
|C170|2|PROD005|INSUMO INDUSTRIAL E|45.16|UN|1776.10|5403|41|0.00|12.00|0.00|0.00|0.00|0.00|0.00|0.00|0.00|
|C170|3|PROD008|CONJUNTO MONTADO H|22.30|UN|22969.03|5403|40|0.00|12.00|0.00|0.00|0.00|0.00|0.00|0.00|0.00|
|C170|4|PROD004|PRODUTO ACABADO D|29.80|UN|27770.18|5403|50|0.00|12.00|0.00|0.00|0.00|0.00|0.00|0.00|0.00|
|C100|1|0|12345678000195|55|00|000000425|000|10032024|10032024|7832.52|2780.83|333.70|0.00|0.00|0.00|0.00|0.00|0.00|0.00|0|55512312300010|
|C170|1|PROD001|PECA MECANICA TIPO A|27.41|UN|3041.90|5102|90|2780.83|12.00|333.70|0.00|0.00|0.00|0.00|0.00|0.00|
|C170|2|PROD007|PARTE SOBRESSALENTE G|9.45|UN|1040.43|5102|50|0.00|12.00|0.00|0.00|0.00|0.00|0.00|0.00|0.00|
|C170|3|PROD007|PARTE SOBRESSALENTE G|26.19|UN|3750.19|5102|40|0.00|12.00|0.00|0.00|0.00|0.00|0.00|0.00|0.00|
|C100|1|0|12345678000195|55|00|000000426|000|17032024|19032024|11649.84|2147.32|257.68|0.00|0.00|0.00|0.00|0.00|0.00|0.00|0|77788899000177|
|C170|1|PROD007|PARTE SOBRESSALENTE G|28.41|UN|2390.00|6101|10|2147.32|12.00|257.68|0.00|0.00|0.00|0.00|0.00|0.00|
|C170|2|PROD004|PRODUTO ACABADO D|18.19|UN|9259.84|6101|50|0.00|12.00|0.00|0.00|0.00|0.00|0.00|0.00|0.00|
|C100|1|0|12345678000195|55|00|000000427|000|25032024|25032024|69254.64|64300.38|7716.04|0.00|0.00|0.00|0.00|0.00|0.00|0.00|0|55512312300010|
|C170|1|PROD005|INSUMO INDUSTRIAL E|30.91|UN|637.65|5102|41|0.00|12.00|0.00|0.00|0.00|0.00|0.00|0.00|0.00|
|C170|2|PROD004|PRODUTO ACABADO D|32.49|UN|24101.92|5102|10|23764.08|12.00|2851.69|0.00|0.00|0.00|0.00|0.00|0.00|
|C170|3|PROD003|MATERIAL BRUTO C|45.28|UN|12382.54|5102|10|11223.62|12.00|1346.83|0.00|0.00|0.00|0.00|0.00|0.00|
|C170|4|PROD008|CONJUNTO MONTADO H|24.27|UN|32132.53|5102|10|29312.68|12.00|3517.52|0.00|0.00|0.00|0.00|0.00|0.00|
|C100|1|0|12345678000195|55|00|000000428|000|31032024|01042024|20126.15|17713.66|2125.64|0.00|0.00|0.00|0.00|0.00|0.00|0.00|0|55512312300010|
|C170|1|PROD002|COMPONENTE ELETRICO B|13.65|UN|791.43|6102|40|0.00|12.00|0.00|0.00|0.00|0.00|0.00|0.00|0.00|
|C170|2|PROD003|MATERIAL BRUTO C|37.61|UN|11577.66|6102|00|10773.97|12.00|1292.88|0.00|0.00|0.00|0.00|0.00|0.00|
|C170|3|PROD003|MATERIAL BRUTO C|34.04|UN|7576.40|6102|00|6939.69|12.00|832.76|0.00|0.00|0.00|0.00|0.00|0.00|
|C170|4|PROD006|EMBALAGEM PADRAO F|21.66|UN|180.66|6102|50|0.00|12.00|0.00|0.00|0.00|0.00|0.00|0.00|0.00|
|C100|1|0|12345678000195|55|00|000000429|000|15032024|16032024|75489.66|46997.10|5639.66|0.00|0.00|0.00|0.00|0.00|0.00|0.00|0|55512312300010|
|C170|1|PROD003|MATERIAL BRUTO C|9.48|UN|2483.95|5101|00|2202.64|12.00|264.32|0.00|0.00|0.00|0.00|0.00|0.00|
|C170|2|PROD007|PARTE SOBRESSALENTE G|20.23|UN|2489.06|5101|40|0.00|12.00|0.00|0.00|0.00|0.00|0.00|0.00|0.00|
|C170|3|PROD004|PRODUTO ACABADO D|25.96|UN|24219.07|5101|40|0.00|12.00|0.00|0.00|0.00|0.00|0.00|0.00|0.00|
|C170|4|PROD008|CONJUNTO MONTADO H|44.44|UN|46297.58|5101|20|44794.46|12.00|5375.34|0.00|0.00|0.00|0.00|0.00|0.00|
|C100|1|0|12345678000195|55|00|000000430|000|20032024|22032024|54307.78|52804.59|6336.55|0.00|0.00|0.00|0.00|0.00|0.00|0.00|0|33366699000100|
|C170|1|PROD006|EMBALAGEM PADRAO F|35.93|UN|214.50|6102|10|188.45|12.00|22.61|0.00|0.00|0.00|0.00|0.00|0.00|
|C170|2|PROD008|CONJUNTO MONTADO H|37.74|UN|47220.88|6102|51|46294.50|12.00|5555.34|0.00|0.00|0.00|0.00|0.00|0.00|
|C170|3|PROD007|PARTE SOBRESSALENTE G|48.15|UN|6872.40|6102|20|6321.64|12.00|758.60|0.00|0.00|0.00|0.00|0.00|0.00|
|C100|1|0|12345678000195|55|00|000000431|000|16032024|18032024|4540.33|4198.94|503.88|0.00|0.00|0.00|0.00|0.00|0.00|0.00|0|99900011000155|
|C170|1|PROD007|PARTE SOBRESSALENTE G|21.64|UN|2345.45|5101|10|2150.24|12.00|258.03|0.00|0.00|0.00|0.00|0.00|0.00|
|C170|2|PROD001|PECA MECANICA TIPO A|10.79|UN|605.96|5101|10|557.89|12.00|66.95|0.00|0.00|0.00|0.00|0.00|0.00|
|C170|3|PROD007|PARTE SOBRESSALENTE G|11.18|UN|1588.92|5101|00|1490.81|12.00|178.90|0.00|0.00|0.00|0.00|0.00|0.00|
|C100|1|0|12345678000195|55|00|000000432|000|21032024|21032024|10255.29|10136.72|1216.41|0.00|0.00|0.00|0.00|0.00|0.00|0.00|0|55512312300010|
|C170|1|PROD006|EMBALAGEM PADRAO F|18.50|UN|157.96|6101|00|141.15|12.00|16.94|0.00|0.00|0.00|0.00|0.00|0.00|
|C170|2|PROD007|PARTE SOBRESSALENTE G|13.91|UN|1384.06|6101|90|1342.64|12.00|161.12|0.00|0.00|0.00|0.00|0.00|0.00|
|C170|3|PROD003|MATERIAL BRUTO C|33.08|UN|8713.27|6101|00|8652.93|12.00|1038.35|0.00|0.00|0.00|0.00|0.00|0.00|
|C100|1|0|12345678000195|55|00|000000433|000|28032024|29032024|48343.37|2573.29|308.80|0.00|0.00|0.00|0.00|0.00|0.00|0.00|0|77788899000177|
|C170|1|PROD008|CONJUNTO MONTADO H|1.66|UN|2275.16|5403|00|1943.75|12.00|233.25|0.00|0.00|0.00|0.00|0.00|0.00|
|C170|2|PROD006|EMBALAGEM PADRAO F|49.98|UN|507.77|5403|00|487.63|12.00|58.52|0.00|0.00|0.00|0.00|0.00|0.00|
|C170|3|PROD008|CONJUNTO MONTADO H|40.93|UN|45411.60|5403|41|0.00|12.00|0.00|0.00|0.00|0.00|0.00|0.00|0.00|
|C170|4|PROD006|EMBALAGEM PADRAO F|18.72|UN|148.84|5403|00|141.91|12.00|17.03|0.00|0.00|0.00|0.00|0.00|0.00|
|C100|1|0|12345678000195|55|00|000000434|000|17032024|20032024|671.08|0.00|0.00|0.00|0.00|0.00|0.00|0.00|0.00|0.00|0|99900011000155|
|C170|1|PROD001|PECA MECANICA TIPO A|5.99|UN|671.08|5401|30|0.00|12.00|0.00|0.00|0.00|0.00|0.00|0.00|0.00|
|C100|1|0|12345678000195|55|00|000000435|000|26032024|28032024|48151.62|231.76|27.81|0.00|0.00|0.00|0.00|0.00|0.00|0.00|0|22244466000133|
|C170|1|PROD001|PECA MECANICA TIPO A|5.56|UN|527.92|5403|40|0.00|12.00|0.00|0.00|0.00|0.00|0.00|0.00|0.00|
|C170|2|PROD006|EMBALAGEM PADRAO F|26.05|UN|252.12|5403|00|231.76|12.00|27.81|0.00|0.00|0.00|0.00|0.00|0.00|
|C170|3|PROD004|PRODUTO ACABADO D|29.59|UN|20477.57|5403|40|0.00|12.00|0.00|0.00|0.00|0.00|0.00|0.00|0.00|
|C170|4|PROD004|PRODUTO ACABADO D|39.32|UN|26894.01|5403|60|0.00|12.00|0.00|0.00|0.00|0.00|0.00|0.00|0.00|
|C100|1|0|12345678000195|55|00|000000436|000|01032024|03032024|15356.89|6691.68|803.00|0.00|0.00|0.00|0.00|0.00|0.00|0.00|0|99900011000155|
|C170|1|PROD003|MATERIAL BRUTO C|30.42|UN|7794.82|6102|30|0.00|12.00|0.00|0.00|0.00|0.00|0.00|0.00|0.00|
|C170|2|PROD003|MATERIAL BRUTO C|31.32|UN|7562.07|6102|00|6691.68|12.00|803.00|0.00|0.00|0.00|0.00|0.00|0.00|
|C100|1|0|12345678000195|55|00|000000437|000|01032024|02032024|66973.21|38517.45|4622.09|0.00|0.00|0.00|0.00|0.00|0.00|0.00|0|77788899000177|
|C170|1|PROD004|PRODUTO ACABADO D|42.91|UN|27956.10|6101|50|0.00|12.00|0.00|0.00|0.00|0.00|0.00|0.00|0.00|
|C170|2|PROD008|CONJUNTO MONTADO H|34.34|UN|39017.11|6101|20|38517.45|12.00|4622.09|0.00|0.00|0.00|0.00|0.00|0.00|
|C100|1|0|12345678000195|55|00|000000438|000|09032024|09032024|273.49|252.34|30.28|0.00|0.00|0.00|0.00|0.00|0.00|0.00|0|55512312300010|
|C170|1|PROD002|COMPONENTE ELETRICO B|5.32|UN|273.49|5401|00|252.34|12.00|30.28|0.00|0.00|0.00|0.00|0.00|0.00|
|C100|1|0|12345678000195|55|00|000000439|000|28032024|29032024|44624.23|40993.62|4919.23|0.00|0.00|0.00|0.00|0.00|0.00|0.00|0|22244466000133|
|C170|1|PROD005|INSUMO INDUSTRIAL E|13.80|UN|318.41|5102|10|276.77|12.00|33.21|0.00|0.00|0.00|0.00|0.00|0.00|
|C170|2|PROD001|PECA MECANICA TIPO A|10.21|UN|943.50|5102|00|804.34|12.00|96.52|0.00|0.00|0.00|0.00|0.00|0.00|
|C170|3|PROD004|PRODUTO ACABADO D|44.96|UN|41338.51|5102|00|39614.74|12.00|4753.77|0.00|0.00|0.00|0.00|0.00|0.00|
|C170|4|PROD006|EMBALAGEM PADRAO F|39.37|UN|329.54|5102|00|297.77|12.00|35.73|0.00|0.00|0.00|0.00|0.00|0.00|
|C170|5|PROD003|MATERIAL BRUTO C|5.02|UN|1694.27|5102|40|0.00|12.00|0.00|0.00|0.00|0.00|0.00|0.00|0.00|
|C100|1|0|12345678000195|55|00|000000440|000|14032024|16032024|46870.30|1289.69|154.76|0.00|0.00|0.00|0.00|0.00|0.00|0.00|0|22244466000133|
|C170|1|PROD003|MATERIAL BRUTO C|4.74|UN|1427.75|5403|00|1289.69|12.00|154.76|0.00|0.00|0.00|0.00|0.00|0.00|
|C170|2|PROD002|COMPONENTE ELETRICO B|19.32|UN|863.84|5403|70|0.00|12.00|0.00|0.00|0.00|0.00|0.00|0.00|0.00|
|C170|3|PROD008|CONJUNTO MONTADO H|21.50|UN|19842.05|5403|50|0.00|12.00|0.00|0.00|0.00|0.00|0.00|0.00|0.00|
|C170|4|PROD008|CONJUNTO MONTADO H|18.11|UN|24736.66|5403|70|0.00|12.00|0.00|0.00|0.00|0.00|0.00|0.00|0.00|
|C100|1|0|12345678000195|55|00|000000441|000|12032024|13032024|20291.50|0.00|0.00|0.00|0.00|0.00|0.00|0.00|0.00|0.00|0|99900011000155|
|C170|1|PROD004|PRODUTO ACABADO D|30.51|UN|20291.50|6102|40|0.00|12.00|0.00|0.00|0.00|0.00|0.00|0.00|0.00|
|C100|1|0|12345678000195|55|00|000000442|000|02032024|04032024|52850.76|47785.06|5734.21|0.00|0.00|0.00|0.00|0.00|0.00|0.00|0|99900011000155|
|C170|1|PROD008|CONJUNTO MONTADO H|48.59|UN|52850.76|6102|10|47785.06|12.00|5734.21|0.00|0.00|0.00|0.00|0.00|0.00|
|C100|1|0|12345678000195|55|00|000000443|000|27032024|27032024|16501.13|14771.06|1772.53|0.00|0.00|0.00|0.00|0.00|0.00|0.00|0|99900011000155|
|C170|1|PROD003|MATERIAL BRUTO C|42.84|UN|12343.05|5403|10|11902.78|12.00|1428.33|0.00|0.00|0.00|0.00|0.00|0.00|
|C170|2|PROD005|INSUMO INDUSTRIAL E|29.02|UN|864.65|5403|40|0.00|12.00|0.00|0.00|0.00|0.00|0.00|0.00|0.00|
|C170|3|PROD002|COMPONENTE ELETRICO B|3.01|UN|99.55|5403|00|92.57|12.00|11.11|0.00|0.00|0.00|0.00|0.00|0.00|
|C170|4|PROD002|COMPONENTE ELETRICO B|41.14|UN|3193.88|5403|00|2775.71|12.00|333.09|0.00|0.00|0.00|0.00|0.00|0.00|
|C100|1|0|12345678000195|55|00|000000444|000|27032024|28032024|3429.63|0.00|0.00|0.00|0.00|0.00|0.00|0.00|0.00|0.00|0|99900011000155|
|C170|1|PROD001|PECA MECANICA TIPO A|19.13|UN|1576.80|5401|50|0.00|12.00|0.00|0.00|0.00|0.00|0.00|0.00|0.00|
|C170|2|PROD005|INSUMO INDUSTRIAL E|48.93|UN|1852.83|5401|50|0.00|12.00|0.00|0.00|0.00|0.00|0.00|0.00|0.00|
|C100|1|0|12345678000195|55|00|000000445|000|06032024|06032024|9786.95|8605.93|1032.72|0.00|0.00|0.00|0.00|0.00|0.00|0.00|0|55512312300010|
|C170|1|PROD002|COMPONENTE ELETRICO B|49.52|UN|2290.66|6101|20|2014.63|12.00|241.76|0.00|0.00|0.00|0.00|0.00|0.00|
|C170|2|PROD008|CONJUNTO MONTADO H|5.11|UN|6732.95|6101|10|5920.73|12.00|710.49|0.00|0.00|0.00|0.00|0.00|0.00|
|C170|3|PROD003|MATERIAL BRUTO C|3.65|UN|763.34|6101|00|670.57|12.00|80.47|0.00|0.00|0.00|0.00|0.00|0.00|
|C100|1|0|12345678000195|55|00|000000446|000|10032024|10032024|6266.91|3635.90|436.31|0.00|0.00|0.00|0.00|0.00|0.00|0.00|0|33366699000100|
|C170|1|PROD005|INSUMO INDUSTRIAL E|49.99|UN|1749.19|5403|10|1630.87|12.00|195.70|0.00|0.00|0.00|0.00|0.00|0.00|
|C170|2|PROD006|EMBALAGEM PADRAO F|33.52|UN|241.00|5403|20|231.65|12.00|27.80|0.00|0.00|0.00|0.00|0.00|0.00|
|C170|3|PROD001|PECA MECANICA TIPO A|35.69|UN|2377.53|5403|50|0.00|12.00|0.00|0.00|0.00|0.00|0.00|0.00|0.00|
|C170|4|PROD001|PECA MECANICA TIPO A|16.95|UN|1899.19|5403|00|1773.38|12.00|212.81|0.00|0.00|0.00|0.00|0.00|0.00|
|C100|1|0|12345678000195|55|00|000000447|000|20032024|20032024|14981.26|13186.70|1582.41|0.00|0.00|0.00|0.00|0.00|0.00|0.00|0|77788899000177|
|C170|1|PROD008|CONJUNTO MONTADO H|3.70|UN|3383.66|5102|00|3189.84|12.00|382.78|0.00|0.00|0.00|0.00|0.00|0.00|
|C170|2|PROD007|PARTE SOBRESSALENTE G|36.95|UN|3260.73|5102|20|2822.80|12.00|338.74|0.00|0.00|0.00|0.00|0.00|0.00|
|C170|3|PROD005|INSUMO INDUSTRIAL E|35.04|UN|887.66|5102|40|0.00|12.00|0.00|0.00|0.00|0.00|0.00|0.00|0.00|
|C170|4|PROD003|MATERIAL BRUTO C|34.81|UN|7449.21|5102|00|7174.06|12.00|860.89|0.00|0.00|0.00|0.00|0.00|0.00|
|C100|1|0|12345678000195|55|00|000000448|000|21032024|22032024|15508.64|14378.52|1725.42|0.00|0.00|0.00|0.00|0.00|0.00|0.00|0|99900011000155|
|C170|1|PROD002|COMPONENTE ELETRICO B|7.93|UN|597.22|5102|60|0.00|12.00|0.00|0.00|0.00|0.00|0.00|0.00|0.00|
|C170|2|PROD006|EMBALAGEM PADRAO F|8.45|UN|47.21|5102|50|0.00|12.00|0.00|0.00|0.00|0.00|0.00|0.00|0.00|
|C170|3|PROD004|PRODUTO ACABADO D|18.44|UN|14864.21|5102|00|14378.52|12.00|1725.42|0.00|0.00|0.00|0.00|0.00|0.00|
|C100|1|0|12345678000195|55|00|000000449|000|19032024|22032024|907.42|0.00|0.00|0.00|0.00|0.00|0.00|0.00|0.00|0.00|0|99900011000155|
|C170|1|PROD005|INSUMO INDUSTRIAL E|31.94|UN|907.42|5102|41|0.00|12.00|0.00|0.00|0.00|0.00|0.00|0.00|0.00|
|C100|1|0|12345678000195|55|00|000000450|000|24032024|24032024|6275.10|2717.87|326.14|0.00|0.00|0.00|0.00|0.00|0.00|0.00|0|55512312300010|
|C170|1|PROD005|INSUMO INDUSTRIAL E|32.03|UN|1290.97|5101|40|0.00|12.00|0.00|0.00|0.00|0.00|0.00|0.00|0.00|
|C170|2|PROD002|COMPONENTE ELETRICO B|25.12|UN|1803.76|5101|40|0.00|12.00|0.00|0.00|0.00|0.00|0.00|0.00|0.00|
|C170|3|PROD007|PARTE SOBRESSALENTE G|23.34|UN|3180.37|5101|00|2717.87|12.00|326.14|0.00|0.00|0.00|0.00|0.00|0.00|
|C100|1|0|12345678000195|55|00|000000451|000|30032024|01042024|10501.20|10269.21|1232.30|0.00|0.00|0.00|0.00|0.00|0.00|0.00|0|22244466000133|
|C170|1|PROD005|INSUMO INDUSTRIAL E|10.38|UN|285.37|6101|00|268.68|12.00|32.24|0.00|0.00|0.00|0.00|0.00|0.00|
|C170|2|PROD006|EMBALAGEM PADRAO F|5.33|UN|39.12|6101|60|0.00|12.00|0.00|0.00|0.00|0.00|0.00|0.00|0.00|
|C170|3|PROD003|MATERIAL BRUTO C|40.76|UN|10176.71|6101|90|10000.53|12.00|1200.06|0.00|0.00|0.00|0.00|0.00|0.00|
|C100|1|0|12345678000195|55|00|000000452|000|23032024|24032024|39123.89|37775.33|4533.04|0.00|0.00|0.00|0.00|0.00|0.00|0.00|0|55512312300010|
|C170|1|PROD004|PRODUTO ACABADO D|46.83|UN|27504.66|6102|00|26610.11|12.00|3193.21|0.00|0.00|0.00|0.00|0.00|0.00|
|C170|2|PROD007|PARTE SOBRESSALENTE G|42.51|UN|6415.64|6102|00|6371.97|12.00|764.64|0.00|0.00|0.00|0.00|0.00|0.00|
|C170|3|PROD001|PECA MECANICA TIPO A|20.56|UN|2437.77|6102|90|2087.34|12.00|250.48|0.00|0.00|0.00|0.00|0.00|0.00|
|C170|4|PROD005|INSUMO INDUSTRIAL E|29.40|UN|645.01|6102|00|596.89|12.00|71.63|0.00|0.00|0.00|0.00|0.00|0.00|
|C170|5|PROD002|COMPONENTE ELETRICO B|36.70|UN|2120.81|6102|20|2109.02|12.00|253.08|0.00|0.00|0.00|0.00|0.00|0.00|
|C100|1|0|12345678000195|55|00|000000453|000|07032024|07032024|58909.94|3286.06|394.33|0.00|0.00|0.00|0.00|0.00|0.00|0.00|0|33366699000100|
|C170|1|PROD003|MATERIAL BRUTO C|26.23|UN|7181.20|5101|30|0.00|12.00|0.00|0.00|0.00|0.00|0.00|0.00|0.00|
|C170|2|PROD007|PARTE SOBRESSALENTE G|26.01|UN|3595.90|5101|10|3286.06|12.00|394.33|0.00|0.00|0.00|0.00|0.00|0.00|
|C170|3|PROD004|PRODUTO ACABADO D|49.14|UN|47610.22|5101|40|0.00|12.00|0.00|0.00|0.00|0.00|0.00|0.00|0.00|
|C170|4|PROD002|COMPONENTE ELETRICO B|12.64|UN|522.62|5101|40|0.00|12.00|0.00|0.00|0.00|0.00|0.00|0.00|0.00|
|C100|1|0|12345678000195|55|00|000000454|000|14032024|15032024|11220.99|5130.23|615.63|0.00|0.00|0.00|0.00|0.00|0.00|0.00|0|55512312300010|
|C170|1|PROD001|PECA MECANICA TIPO A|19.73|UN|2259.73|5102|20|2120.46|12.00|254.46|0.00|0.00|0.00|0.00|0.00|0.00|
|C170|2|PROD001|PECA MECANICA TIPO A|33.60|UN|2732.42|5102|60|0.00|12.00|0.00|0.00|0.00|0.00|0.00|0.00|0.00|
|C170|3|PROD001|PECA MECANICA TIPO A|37.93|UN|3530.52|5102|00|3009.77|12.00|361.17|0.00|0.00|0.00|0.00|0.00|0.00|
|C170|4|PROD006|EMBALAGEM PADRAO F|17.13|UN|176.82|5102|40|0.00|12.00|0.00|0.00|0.00|0.00|0.00|0.00|0.00|
|C170|5|PROD002|COMPONENTE ELETRICO B|42.98|UN|2521.50|5102|41|0.00|12.00|0.00|0.00|0.00|0.00|0.00|0.00|0.00|
|C100|1|0|12345678000195|55|00|000000455|000|24032024|25032024|18408.12|0.00|0.00|0.00|0.00|0.00|0.00|0.00|0.00|0.00|0|33366699000100|
|C170|1|PROD008|CONJUNTO MONTADO H|16.09|UN|17902.64|6101|41|0.00|12.00|0.00|0.00|0.00|0.00|0.00|0.00|0.00|
|C170|2|PROD005|INSUMO INDUSTRIAL E|13.72|UN|505.48|6101|40|0.00|12.00|0.00|0.00|0.00|0.00|0.00|0.00|0.00|
|C100|1|0|12345678000195|55|00|000000456|000|08032024|10032024|1921.38|1594.89|191.39|0.00|0.00|0.00|0.00|0.00|0.00|0.00|0|33366699000100|
|C170|1|PROD005|INSUMO INDUSTRIAL E|44.25|UN|1807.74|5403|20|1594.89|12.00|191.39|0.00|0.00|0.00|0.00|0.00|0.00|
|C170|2|PROD005|INSUMO INDUSTRIAL E|3.76|UN|113.64|5403|40|0.00|12.00|0.00|0.00|0.00|0.00|0.00|0.00|0.00|
|C100|1|0|12345678000195|55|00|000000457|000|22032024|25032024|1635.81|0.00|0.00|0.00|0.00|0.00|0.00|0.00|0.00|0.00|0|77788899000177|
|C170|1|PROD007|PARTE SOBRESSALENTE G|13.54|UN|1635.81|5403|30|0.00|12.00|0.00|0.00|0.00|0.00|0.00|0.00|0.00|
|C100|1|0|12345678000195|55|00|000000458|000|24032024|27032024|51591.75|1318.76|158.25|0.00|0.00|0.00|0.00|0.00|0.00|0.00|0|99900011000155|
|C170|1|PROD006|EMBALAGEM PADRAO F|33.51|UN|323.07|5401|40|0.00|12.00|0.00|0.00|0.00|0.00|0.00|0.00|0.00|
|C170|2|PROD002|COMPONENTE ELETRICO B|43.76|UN|1695.22|5401|60|0.00|12.00|0.00|0.00|0.00|0.00|0.00|0.00|0.00|
|C170|3|PROD008|CONJUNTO MONTADO H|36.13|UN|48077.34|5401|41|0.00|12.00|0.00|0.00|0.00|0.00|0.00|0.00|0.00|
|C170|4|PROD003|MATERIAL BRUTO C|6.43|UN|1496.12|5401|00|1318.76|12.00|158.25|0.00|0.00|0.00|0.00|0.00|0.00|
|C100|1|0|12345678000195|55|00|000000459|000|29032024|31032024|22414.63|13242.86|1589.15|0.00|0.00|0.00|0.00|0.00|0.00|0.00|0|22244466000133|
|C170|1|PROD006|EMBALAGEM PADRAO F|25.27|UN|129.61|5403|70|0.00|12.00|0.00|0.00|0.00|0.00|0.00|0.00|0.00|
|C170|2|PROD006|EMBALAGEM PADRAO F|14.65|UN|155.43|5403|00|154.81|12.00|18.58|0.00|0.00|0.00|0.00|0.00|0.00|
|C170|3|PROD007|PARTE SOBRESSALENTE G|36.97|UN|4656.62|5403|50|0.00|12.00|0.00|0.00|0.00|0.00|0.00|0.00|0.00|
|C170|4|PROD004|PRODUTO ACABADO D|24.27|UN|13843.54|5403|00|13088.05|12.00|1570.57|0.00|0.00|0.00|0.00|0.00|0.00|
|C170|5|PROD004|PRODUTO ACABADO D|4.98|UN|3629.43|5403|60|0.00|12.00|0.00|0.00|0.00|0.00|0.00|0.00|0.00|
|C100|1|0|12345678000195|55|00|000000460|000|20032024|21032024|34055.36|15875.82|1905.10|0.00|0.00|0.00|0.00|0.00|0.00|0.00|0|33366699000100|
|C170|1|PROD004|PRODUTO ACABADO D|4.15|UN|3345.34|6101|90|3037.12|12.00|364.45|0.00|0.00|0.00|0.00|0.00|0.00|
|C170|2|PROD005|INSUMO INDUSTRIAL E|44.48|UN|1782.27|6101|20|1601.34|12.00|192.16|0.00|0.00|0.00|0.00|0.00|0.00|
|C170|3|PROD004|PRODUTO ACABADO D|6.89|UN|5923.70|6101|00|5583.47|12.00|670.02|0.00|0.00|0.00|0.00|0.00|0.00|
|C170|4|PROD003|MATERIAL BRUTO C|25.16|UN|6002.20|6101|00|5653.89|12.00|678.47|0.00|0.00|0.00|0.00|0.00|0.00|
|C170|5|PROD008|CONJUNTO MONTADO H|18.42|UN|17001.85|6101|41|0.00|12.00|0.00|0.00|0.00|0.00|0.00|0.00|0.00|
|C100|1|0|12345678000195|55|00|000000461|000|10032024|10032024|25465.07|1305.15|156.62|0.00|0.00|0.00|0.00|0.00|0.00|0.00|0|22244466000133|
|C170|1|PROD004|PRODUTO ACABADO D|45.76|UN|23975.17|6101|70|0.00|12.00|0.00|0.00|0.00|0.00|0.00|0.00|0.00|
|C170|2|PROD005|INSUMO INDUSTRIAL E|18.20|UN|520.80|6101|00|507.92|12.00|60.95|0.00|0.00|0.00|0.00|0.00|0.00|
|C170|3|PROD002|COMPONENTE ELETRICO B|20.40|UN|827.18|6101|00|797.23|12.00|95.67|0.00|0.00|0.00|0.00|0.00|0.00|
|C170|4|PROD006|EMBALAGEM PADRAO F|17.04|UN|141.92|6101|40|0.00|12.00|0.00|0.00|0.00|0.00|0.00|0.00|0.00|
|C100|1|0|12345678000195|55|00|000000462|000|30032024|01042024|4427.51|3086.05|370.33|0.00|0.00|0.00|0.00|0.00|0.00|0.00|0|77788899000177|
|C170|1|PROD005|INSUMO INDUSTRIAL E|39.80|UN|827.88|5102|41|0.00|12.00|0.00|0.00|0.00|0.00|0.00|0.00|0.00|
|C170|2|PROD007|PARTE SOBRESSALENTE G|30.41|UN|3599.63|5102|20|3086.05|12.00|370.33|0.00|0.00|0.00|0.00|0.00|0.00|
|C100|1|0|12345678000195|55|00|000000463|000|25032024|27032024|53028.52|47258.44|5671.01|0.00|0.00|0.00|0.00|0.00|0.00|0.00|0|99900011000155|
|C170|1|PROD008|CONJUNTO MONTADO H|40.42|UN|53028.52|5403|90|47258.44|12.00|5671.01|0.00|0.00|0.00|0.00|0.00|0.00|
|C100|1|0|12345678000195|55|00|000000464|000|07032024|09032024|4754.68|4214.08|505.69|0.00|0.00|0.00|0.00|0.00|0.00|0.00|0|77788899000177|
|C170|1|PROD001|PECA MECANICA TIPO A|42.86|UN|4754.68|6101|20|4214.08|12.00|505.69|0.00|0.00|0.00|0.00|0.00|0.00|
|C100|1|0|12345678000195|55|00|000000465|000|13032024|16032024|32404.70|19948.62|2393.83|0.00|0.00|0.00|0.00|0.00|0.00|0.00|0|99900011000155|
|C170|1|PROD001|PECA MECANICA TIPO A|1.77|UN|119.06|6102|00|108.22|12.00|12.99|0.00|0.00|0.00|0.00|0.00|0.00|
|C170|2|PROD003|MATERIAL BRUTO C|31.14|UN|8270.56|6102|51|8185.45|12.00|982.25|0.00|0.00|0.00|0.00|0.00|0.00|
|C170|3|PROD003|MATERIAL BRUTO C|41.41|UN|10784.82|6102|40|0.00|12.00|0.00|0.00|0.00|0.00|0.00|0.00|0.00|
|C170|4|PROD004|PRODUTO ACABADO D|25.29|UN|13230.26|6102|10|11654.95|12.00|1398.59|0.00|0.00|0.00|0.00|0.00|0.00|
|C100|1|0|12345678000195|55|00|000000466|000|20032024|20032024|46418.21|98.13|11.78|0.00|0.00|0.00|0.00|0.00|0.00|0.00|0|33366699000100|
|C170|1|PROD006|EMBALAGEM PADRAO F|31.70|UN|310.03|5101|50|0.00|12.00|0.00|0.00|0.00|0.00|0.00|0.00|0.00|
|C170|2|PROD006|EMBALAGEM PADRAO F|18.86|UN|99.94|5101|90|98.13|12.00|11.78|0.00|0.00|0.00|0.00|0.00|0.00|
|C170|3|PROD007|PARTE SOBRESSALENTE G|47.51|UN|7487.57|5101|40|0.00|12.00|0.00|0.00|0.00|0.00|0.00|0.00|0.00|
|C170|4|PROD003|MATERIAL BRUTO C|42.64|UN|12679.00|5101|40|0.00|12.00|0.00|0.00|0.00|0.00|0.00|0.00|0.00|
|C170|5|PROD004|PRODUTO ACABADO D|28.30|UN|25841.67|5101|40|0.00|12.00|0.00|0.00|0.00|0.00|0.00|0.00|0.00|
|C100|1|0|12345678000195|55|00|000000467|000|11032024|13032024|1756.18|0.00|0.00|0.00|0.00|0.00|0.00|0.00|0.00|0.00|0|22244466000133|
|C170|1|PROD001|PECA MECANICA TIPO A|9.94|UN|677.60|6101|70|0.00|12.00|0.00|0.00|0.00|0.00|0.00|0.00|0.00|
|C170|2|PROD002|COMPONENTE ELETRICO B|19.17|UN|1078.58|6101|30|0.00|12.00|0.00|0.00|0.00|0.00|0.00|0.00|0.00|
|C100|1|0|12345678000195|55|00|000000468|000|24032024|27032024|28041.70|19707.55|2364.90|0.00|0.00|0.00|0.00|0.00|0.00|0.00|0|33366699000100|
|C170|1|PROD005|INSUMO INDUSTRIAL E|17.83|UN|588.08|5101|60|0.00|12.00|0.00|0.00|0.00|0.00|0.00|0.00|0.00|
|C170|2|PROD007|PARTE SOBRESSALENTE G|35.15|UN|5450.16|5101|40|0.00|12.00|0.00|0.00|0.00|0.00|0.00|0.00|0.00|
|C170|3|PROD001|PECA MECANICA TIPO A|4.17|UN|349.49|5101|10|305.10|12.00|36.61|0.00|0.00|0.00|0.00|0.00|0.00|
|C170|4|PROD004|PRODUTO ACABADO D|34.20|UN|21653.97|5101|00|19402.45|12.00|2328.29|0.00|0.00|0.00|0.00|0.00|0.00|
|C100|1|0|12345678000195|55|00|000000469|000|11032024|12032024|11021.88|0.00|0.00|0.00|0.00|0.00|0.00|0.00|0.00|0.00|0|77788899000177|
|C170|1|PROD004|PRODUTO ACABADO D|14.50|UN|11021.88|6102|30|0.00|12.00|0.00|0.00|0.00|0.00|0.00|0.00|0.00|
|C100|1|0|12345678000195|55|00|000000470|000|17032024|19032024|106487.47|64723.24|7766.79|0.00|0.00|0.00|0.00|0.00|0.00|0.00|0|77788899000177|
|C170|1|PROD004|PRODUTO ACABADO D|45.00|UN|32896.41|6102|10|29457.05|12.00|3534.85|0.00|0.00|0.00|0.00|0.00|0.00|
|C170|2|PROD004|PRODUTO ACABADO D|31.02|UN|25172.13|6102|40|0.00|12.00|0.00|0.00|0.00|0.00|0.00|0.00|0.00|
|C170|3|PROD004|PRODUTO ACABADO D|32.29|UN|20889.05|6102|90|19109.02|12.00|2293.08|0.00|0.00|0.00|0.00|0.00|0.00|
|C170|4|PROD004|PRODUTO ACABADO D|24.07|UN|17724.38|6102|10|16157.17|12.00|1938.86|0.00|0.00|0.00|0.00|0.00|0.00|
|C170|5|PROD003|MATERIAL BRUTO C|28.62|UN|9805.50|6102|40|0.00|12.00|0.00|0.00|0.00|0.00|0.00|0.00|0.00|
|C100|1|0|12345678000195|55|00|000000471|000|09032024|09032024|23706.63|21066.90|2528.03|0.00|0.00|0.00|0.00|0.00|0.00|0.00|0|99900011000155|
|C170|1|PROD008|CONJUNTO MONTADO H|11.31|UN|12623.24|5403|20|12612.09|12.00|1513.45|0.00|0.00|0.00|0.00|0.00|0.00|
|C170|2|PROD006|EMBALAGEM PADRAO F|33.54|UN|193.50|5403|70|0.00|12.00|0.00|0.00|0.00|0.00|0.00|0.00|0.00|
|C170|3|PROD003|MATERIAL BRUTO C|32.53|UN|8761.69|5403|51|8454.81|12.00|1014.58|0.00|0.00|0.00|0.00|0.00|0.00|
|C170|4|PROD001|PECA MECANICA TIPO A|31.11|UN|2128.20|5403|40|0.00|12.00|0.00|0.00|0.00|0.00|0.00|0.00|0.00|
|C100|1|0|12345678000195|55|00|000000472|000|23032024|26032024|16973.04|10653.14|1278.38|0.00|0.00|0.00|0.00|0.00|0.00|0.00|0|33366699000100|
|C170|1|PROD003|MATERIAL BRUTO C|48.13|UN|12058.05|5102|00|10653.14|12.00|1278.38|0.00|0.00|0.00|0.00|0.00|0.00|
|C170|2|PROD003|MATERIAL BRUTO C|14.25|UN|4914.99|5102|40|0.00|12.00|0.00|0.00|0.00|0.00|0.00|0.00|0.00|
|C100|1|0|12345678000195|55|00|000000473|000|04032024|07032024|42055.46|36996.96|4439.64|0.00|0.00|0.00|0.00|0.00|0.00|0.00|0|33366699000100|
|C170|1|PROD008|CONJUNTO MONTADO H|33.59|UN|27081.80|6101|51|25198.56|12.00|3023.83|0.00|0.00|0.00|0.00|0.00|0.00|
|C170|2|PROD003|MATERIAL BRUTO C|48.37|UN|12210.04|6101|00|11798.40|12.00|1415.81|0.00|0.00|0.00|0.00|0.00|0.00|
|C170|3|PROD002|COMPONENTE ELETRICO B|37.74|UN|2763.62|6101|50|0.00|12.00|0.00|0.00|0.00|0.00|0.00|0.00|0.00|
|C100|1|0|12345678000195|55|00|000000474|000|24032024|26032024|33852.68|26170.76|3140.49|0.00|0.00|0.00|0.00|0.00|0.00|0.00|0|22244466000133|
|C170|1|PROD008|CONJUNTO MONTADO H|3.17|UN|3967.52|5403|60|0.00|12.00|0.00|0.00|0.00|0.00|0.00|0.00|0.00|
|C170|2|PROD001|PECA MECANICA TIPO A|38.90|UN|2659.39|5403|40|0.00|12.00|0.00|0.00|0.00|0.00|0.00|0.00|0.00|
|C170|3|PROD004|PRODUTO ACABADO D|39.06|UN|27225.77|5403|00|26170.76|12.00|3140.49|0.00|0.00|0.00|0.00|0.00|0.00|
|C100|1|0|12345678000195|55|00|000000475|000|15032024|15032024|11827.58|10842.20|1301.06|0.00|0.00|0.00|0.00|0.00|0.00|0.00|0|33366699000100|
|C170|1|PROD004|PRODUTO ACABADO D|13.33|UN|11827.58|5401|90|10842.20|12.00|1301.06|0.00|0.00|0.00|0.00|0.00|0.00|
|C100|1|0|12345678000195|55|00|000000476|000|09032024|12032024|38786.33|9161.97|1099.43|0.00|0.00|0.00|0.00|0.00|0.00|0.00|0|55512312300010|
|C170|1|PROD004|PRODUTO ACABADO D|28.24|UN|23796.14|6102|40|0.00|12.00|0.00|0.00|0.00|0.00|0.00|0.00|0.00|
|C170|2|PROD007|PARTE SOBRESSALENTE G|49.74|UN|6041.42|6102|00|5985.99|12.00|718.32|0.00|0.00|0.00|0.00|0.00|0.00|
|C170|3|PROD007|PARTE SOBRESSALENTE G|19.27|UN|2723.43|6102|00|2503.44|12.00|300.41|0.00|0.00|0.00|0.00|0.00|0.00|
|C170|4|PROD002|COMPONENTE ELETRICO B|10.36|UN|780.50|6102|00|672.54|12.00|80.70|0.00|0.00|0.00|0.00|0.00|0.00|
|C170|5|PROD003|MATERIAL BRUTO C|18.05|UN|5444.84|6102|40|0.00|12.00|0.00|0.00|0.00|0.00|0.00|0.00|0.00|
|C100|1|0|12345678000195|55|00|000000477|000|25032024|25032024|29506.29|25228.37|3027.40|0.00|0.00|0.00|0.00|0.00|0.00|0.00|0|55512312300010|
|C170|1|PROD008|CONJUNTO MONTADO H|23.54|UN|29506.29|5403|00|25228.37|12.00|3027.40|0.00|0.00|0.00|0.00|0.00|0.00|
|C100|1|0|12345678000195|55|00|000000478|000|14032024|15032024|33842.95|2625.03|315.00|0.00|0.00|0.00|0.00|0.00|0.00|0.00|0|99900011000155|
|C170|1|PROD003|MATERIAL BRUTO C|8.65|UN|2701.86|6101|10|2625.03|12.00|315.00|0.00|0.00|0.00|0.00|0.00|0.00|
|C170|2|PROD001|PECA MECANICA TIPO A|12.58|UN|1113.17|6101|41|0.00|12.00|0.00|0.00|0.00|0.00|0.00|0.00|0.00|
|C170|3|PROD008|CONJUNTO MONTADO H|29.68|UN|30027.92|6101|40|0.00|12.00|0.00|0.00|0.00|0.00|0.00|0.00|0.00|
|C100|1|0|12345678000195|55|00|000000479|000|07032024|10032024|5285.89|4753.36|570.40|0.00|0.00|0.00|0.00|0.00|0.00|0.00|0|33366699000100|
|C170|1|PROD003|MATERIAL BRUTO C|18.45|UN|5147.91|5403|20|4753.36|12.00|570.40|0.00|0.00|0.00|0.00|0.00|0.00|
|C170|2|PROD006|EMBALAGEM PADRAO F|23.27|UN|137.98|5403|30|0.00|12.00|0.00|0.00|0.00|0.00|0.00|0.00|0.00|
|C100|1|0|12345678000195|55|00|000000480|000|25032024|25032024|9563.23|8613.05|1033.57|0.00|0.00|0.00|0.00|0.00|0.00|0.00|0|33366699000100|
|C170|1|PROD007|PARTE SOBRESSALENTE G|37.91|UN|4889.38|5102|00|4295.00|12.00|515.40|0.00|0.00|0.00|0.00|0.00|0.00|
|C170|2|PROD007|PARTE SOBRESSALENTE G|30.58|UN|4673.85|5102|10|4318.05|12.00|518.17|0.00|0.00|0.00|0.00|0.00|0.00|
|C100|1|0|12345678000195|55|00|000000481|000|20032024|21032024|68411.49|63385.01|7606.20|0.00|0.00|0.00|0.00|0.00|0.00|0.00|0|33366699000100|
|C170|1|PROD007|PARTE SOBRESSALENTE G|36.63|UN|4143.81|5403|41|0.00|12.00|0.00|0.00|0.00|0.00|0.00|0.00|0.00|
|C170|2|PROD008|CONJUNTO MONTADO H|44.34|UN|60543.10|5403|00|60209.50|12.00|7225.14|0.00|0.00|0.00|0.00|0.00|0.00|
|C170|3|PROD003|MATERIAL BRUTO C|10.61|UN|3342.17|5403|90|3175.51|12.00|381.06|0.00|0.00|0.00|0.00|0.00|0.00|
|C170|4|PROD006|EMBALAGEM PADRAO F|33.55|UN|382.41|5403|40|0.00|12.00|0.00|0.00|0.00|0.00|0.00|0.00|0.00|
|C100|1|0|12345678000195|55|00|000000482|000|26032024|28032024|11864.55|4101.41|492.17|0.00|0.00|0.00|0.00|0.00|0.00|0.00|0|77788899000177|
|C170|1|PROD007|PARTE SOBRESSALENTE G|26.17|UN|4133.29|6102|10|4101.41|12.00|492.17|0.00|0.00|0.00|0.00|0.00|0.00|
|C170|2|PROD005|INSUMO INDUSTRIAL E|33.80|UN|723.66|6102|40|0.00|12.00|0.00|0.00|0.00|0.00|0.00|0.00|0.00|
|C170|3|PROD002|COMPONENTE ELETRICO B|40.68|UN|3336.90|6102|40|0.00|12.00|0.00|0.00|0.00|0.00|0.00|0.00|0.00|
|C170|4|PROD007|PARTE SOBRESSALENTE G|40.20|UN|3670.70|6102|30|0.00|12.00|0.00|0.00|0.00|0.00|0.00|0.00|0.00|
|C100|1|0|12345678000195|55|00|000000483|000|13032024|16032024|423.96|411.39|49.37|0.00|0.00|0.00|0.00|0.00|0.00|0.00|0|99900011000155|
|C170|1|PROD001|PECA MECANICA TIPO A|7.19|UN|423.96|6101|00|411.39|12.00|49.37|0.00|0.00|0.00|0.00|0.00|0.00|
|C100|1|0|12345678000195|55|00|000000484|000|09032024|10032024|4164.87|0.00|0.00|0.00|0.00|0.00|0.00|0.00|0.00|0.00|0|55512312300010|
|C170|1|PROD007|PARTE SOBRESSALENTE G|6.30|UN|750.82|5401|40|0.00|12.00|0.00|0.00|0.00|0.00|0.00|0.00|0.00|
|C170|2|PROD001|PECA MECANICA TIPO A|28.81|UN|3414.05|5401|50|0.00|12.00|0.00|0.00|0.00|0.00|0.00|0.00|0.00|
|C100|1|0|12345678000195|55|00|000000485|000|28032024|30032024|23225.05|11993.47|1439.22|0.00|0.00|0.00|0.00|0.00|0.00|0.00|0|99900011000155|
|C170|1|PROD004|PRODUTO ACABADO D|19.50|UN|13234.65|5403|00|11993.47|12.00|1439.22|0.00|0.00|0.00|0.00|0.00|0.00|
|C170|2|PROD003|MATERIAL BRUTO C|41.13|UN|9954.28|5403|60|0.00|12.00|0.00|0.00|0.00|0.00|0.00|0.00|0.00|
|C170|3|PROD006|EMBALAGEM PADRAO F|6.36|UN|36.12|5403|41|0.00|12.00|0.00|0.00|0.00|0.00|0.00|0.00|0.00|
|C100|1|0|12345678000195|55|00|000000486|000|22032024|24032024|36026.43|11380.41|1365.65|0.00|0.00|0.00|0.00|0.00|0.00|0.00|0|99900011000155|
|C170|1|PROD004|PRODUTO ACABADO D|26.05|UN|13253.21|5101|10|11380.41|12.00|1365.65|0.00|0.00|0.00|0.00|0.00|0.00|
|C170|2|PROD004|PRODUTO ACABADO D|28.08|UN|22773.22|5101|30|0.00|12.00|0.00|0.00|0.00|0.00|0.00|0.00|0.00|
|C100|1|0|12345678000195|55|00|000000487|000|07032024|10032024|9937.91|3228.29|387.39|0.00|0.00|0.00|0.00|0.00|0.00|0.00|0|99900011000155|
|C170|1|PROD005|INSUMO INDUSTRIAL E|43.24|UN|1745.00|6102|00|1658.82|12.00|199.06|0.00|0.00|0.00|0.00|0.00|0.00|
|C170|2|PROD007|PARTE SOBRESSALENTE G|9.12|UN|1420.67|6102|00|1318.86|12.00|158.26|0.00|0.00|0.00|0.00|0.00|0.00|
|C170|3|PROD005|INSUMO INDUSTRIAL E|10.72|UN|254.45|6102|90|250.61|12.00|30.07|0.00|0.00|0.00|0.00|0.00|0.00|
|C170|4|PROD008|CONJUNTO MONTADO H|6.45|UN|6517.79|6102|30|0.00|12.00|0.00|0.00|0.00|0.00|0.00|0.00|0.00|
|C100|1|0|12345678000195|55|00|000000488|000|01032024|02032024|58966.50|34118.52|4094.22|0.00|0.00|0.00|0.00|0.00|0.00|0.00|0|22244466000133|
|C170|1|PROD004|PRODUTO ACABADO D|36.88|UN|18628.50|5101|20|17692.45|12.00|2123.09|0.00|0.00|0.00|0.00|0.00|0.00|
|C170|2|PROD007|PARTE SOBRESSALENTE G|22.34|UN|3523.08|5101|00|3240.37|12.00|388.84|0.00|0.00|0.00|0.00|0.00|0.00|
|C170|3|PROD008|CONJUNTO MONTADO H|8.07|UN|9064.91|5101|00|8277.71|12.00|993.33|0.00|0.00|0.00|0.00|0.00|0.00|
|C170|4|PROD004|PRODUTO ACABADO D|24.66|UN|22249.57|5101|40|0.00|12.00|0.00|0.00|0.00|0.00|0.00|0.00|0.00|
|C170|5|PROD004|PRODUTO ACABADO D|10.09|UN|5500.44|5101|00|4907.99|12.00|588.96|0.00|0.00|0.00|0.00|0.00|0.00|
|C100|1|0|12345678000195|55|00|000000489|000|28032024|31032024|46.74|0.00|0.00|0.00|0.00|0.00|0.00|0.00|0.00|0.00|0|99900011000155|
|C170|1|PROD006|EMBALAGEM PADRAO F|6.05|UN|46.74|6101|40|0.00|12.00|0.00|0.00|0.00|0.00|0.00|0.00|0.00|
|C100|1|0|12345678000195|55|00|000000490|000|08032024|09032024|8683.30|0.00|0.00|0.00|0.00|0.00|0.00|0.00|0.00|0.00|0|55512312300010|
|C170|1|PROD006|EMBALAGEM PADRAO F|22.04|UN|156.27|5403|40|0.00|12.00|0.00|0.00|0.00|0.00|0.00|0.00|0.00|
|C170|2|PROD007|PARTE SOBRESSALENTE G|5.08|UN|421.60|5403|40|0.00|12.00|0.00|0.00|0.00|0.00|0.00|0.00|0.00|
|C170|3|PROD003|MATERIAL BRUTO C|34.55|UN|8105.43|5403|40|0.00|12.00|0.00|0.00|0.00|0.00|0.00|0.00|0.00|
|C100|1|0|12345678000195|55|00|000000491|000|26032024|28032024|44419.97|0.00|0.00|0.00|0.00|0.00|0.00|0.00|0.00|0.00|0|22244466000133|
|C170|1|PROD008|CONJUNTO MONTADO H|36.25|UN|44419.97|6101|40|0.00|12.00|0.00|0.00|0.00|0.00|0.00|0.00|0.00|
|C100|1|0|12345678000195|55|00|000000492|000|10032024|11032024|295.48|254.22|30.51|0.00|0.00|0.00|0.00|0.00|0.00|0.00|0|77788899000177|
|C170|1|PROD006|EMBALAGEM PADRAO F|30.21|UN|295.48|5401|00|254.22|12.00|30.51|0.00|0.00|0.00|0.00|0.00|0.00|
|C100|1|0|12345678000195|55|00|000000493|000|18032024|18032024|83692.73|77236.86|9268.42|0.00|0.00|0.00|0.00|0.00|0.00|0.00|0|33366699000100|
|C170|1|PROD008|CONJUNTO MONTADO H|23.66|UN|19459.66|5102|90|19232.78|12.00|2307.93|0.00|0.00|0.00|0.00|0.00|0.00|
|C170|2|PROD002|COMPONENTE ELETRICO B|4.28|UN|187.08|5102|60|0.00|12.00|0.00|0.00|0.00|0.00|0.00|0.00|0.00|
|C170|3|PROD004|PRODUTO ACABADO D|36.70|UN|32109.99|5102|10|28121.31|12.00|3374.56|0.00|0.00|0.00|0.00|0.00|0.00|
|C170|4|PROD008|CONJUNTO MONTADO H|40.00|UN|31936.00|5102|00|29882.77|12.00|3585.93|0.00|0.00|0.00|0.00|0.00|0.00|
|C100|1|0|12345678000195|55|00|000000494|000|18032024|21032024|6090.79|5682.91|681.95|0.00|0.00|0.00|0.00|0.00|0.00|0.00|0|55512312300010|
|C170|1|PROD005|INSUMO INDUSTRIAL E|30.57|UN|622.73|5401|90|580.25|12.00|69.63|0.00|0.00|0.00|0.00|0.00|0.00|
|C170|2|PROD002|COMPONENTE ELETRICO B|38.04|UN|2873.08|5401|00|2803.78|12.00|336.45|0.00|0.00|0.00|0.00|0.00|0.00|
|C170|3|PROD007|PARTE SOBRESSALENTE G|32.30|UN|2594.98|5401|10|2298.88|12.00|275.87|0.00|0.00|0.00|0.00|0.00|0.00|
|C100|1|0|12345678000195|55|00|000000495|000|28032024|28032024|21688.76|11649.21|1397.91|0.00|0.00|0.00|0.00|0.00|0.00|0.00|0|33366699000100|
|C170|1|PROD003|MATERIAL BRUTO C|38.80|UN|11869.84|5403|00|11649.21|12.00|1397.91|0.00|0.00|0.00|0.00|0.00|0.00|
|C170|2|PROD003|MATERIAL BRUTO C|36.99|UN|9085.24|5403|60|0.00|12.00|0.00|0.00|0.00|0.00|0.00|0.00|0.00|
|C170|3|PROD005|INSUMO INDUSTRIAL E|38.49|UN|733.68|5403|30|0.00|12.00|0.00|0.00|0.00|0.00|0.00|0.00|0.00|
|C100|1|0|12345678000195|55|00|000000496|000|03032024|05032024|68401.29|46353.13|5562.37|0.00|0.00|0.00|0.00|0.00|0.00|0.00|0|77788899000177|
|C170|1|PROD008|CONJUNTO MONTADO H|17.61|UN|21669.29|5401|40|0.00|12.00|0.00|0.00|0.00|0.00|0.00|0.00|0.00|
|C170|2|PROD005|INSUMO INDUSTRIAL E|5.90|UN|236.39|5401|00|218.16|12.00|26.18|0.00|0.00|0.00|0.00|0.00|0.00|
|C170|3|PROD004|PRODUTO ACABADO D|2.31|UN|1193.28|5401|20|1095.17|12.00|131.42|0.00|0.00|0.00|0.00|0.00|0.00|
|C170|4|PROD005|INSUMO INDUSTRIAL E|3.79|UN|115.54|5401|00|102.60|12.00|12.31|0.00|0.00|0.00|0.00|0.00|0.00|
|C170|5|PROD008|CONJUNTO MONTADO H|46.71|UN|45186.79|5401|10|44937.20|12.00|5392.46|0.00|0.00|0.00|0.00|0.00|0.00|
|C100|1|0|12345678000195|55|00|000000497|000|18032024|19032024|23444.86|6095.11|731.41|0.00|0.00|0.00|0.00|0.00|0.00|0.00|0|33366699000100|
|C170|1|PROD005|INSUMO INDUSTRIAL E|28.31|UN|1008.69|6102|20|927.71|12.00|111.33|0.00|0.00|0.00|0.00|0.00|0.00|
|C170|2|PROD002|COMPONENTE ELETRICO B|33.69|UN|2600.17|6102|00|2319.28|12.00|278.31|0.00|0.00|0.00|0.00|0.00|0.00|
|C170|3|PROD004|PRODUTO ACABADO D|16.20|UN|15421.14|6102|40|0.00|12.00|0.00|0.00|0.00|0.00|0.00|0.00|0.00|
|C170|4|PROD005|INSUMO INDUSTRIAL E|36.01|UN|1110.79|6102|40|0.00|12.00|0.00|0.00|0.00|0.00|0.00|0.00|0.00|
|C170|5|PROD001|PECA MECANICA TIPO A|34.14|UN|3304.07|6102|00|2848.12|12.00|341.77|0.00|0.00|0.00|0.00|0.00|0.00|
|C100|1|0|12345678000195|55|00|000000498|000|25032024|26032024|10614.26|7662.89|919.55|0.00|0.00|0.00|0.00|0.00|0.00|0.00|0|22244466000133|
|C170|1|PROD002|COMPONENTE ELETRICO B|39.77|UN|2830.10|5101|40|0.00|12.00|0.00|0.00|0.00|0.00|0.00|0.00|0.00|
|C170|2|PROD003|MATERIAL BRUTO C|23.11|UN|7784.16|5101|90|7662.89|12.00|919.55|0.00|0.00|0.00|0.00|0.00|0.00|
|C100|1|0|12345678000195|55|00|000000499|000|28032024|30032024|4133.92|3702.01|444.24|0.00|0.00|0.00|0.00|0.00|0.00|0.00|0|33366699000100|
|C170|1|PROD003|MATERIAL BRUTO C|14.76|UN|4133.92|5101|00|3702.01|12.00|444.24|0.00|0.00|0.00|0.00|0.00|0.00|
|C100|1|0|12345678000195|55|00|000000500|000|24032024|25032024|23522.06|2501.76|300.21|0.00|0.00|0.00|0.00|0.00|0.00|0.00|0|22244466000133|
|C170|1|PROD001|PECA MECANICA TIPO A|24.70|UN|2021.61|5101|41|0.00|12.00|0.00|0.00|0.00|0.00|0.00|0.00|0.00|
|C170|2|PROD003|MATERIAL BRUTO C|29.60|UN|10090.34|5101|50|0.00|12.00|0.00|0.00|0.00|0.00|0.00|0.00|0.00|
|C170|3|PROD001|PECA MECANICA TIPO A|36.19|UN|2566.45|5101|20|2501.76|12.00|300.21|0.00|0.00|0.00|0.00|0.00|0.00|
|C170|4|PROD003|MATERIAL BRUTO C|6.15|UN|1278.06|5101|70|0.00|12.00|0.00|0.00|0.00|0.00|0.00|0.00|0.00|
|C170|5|PROD003|MATERIAL BRUTO C|29.23|UN|7565.60|5101|60|0.00|12.00|0.00|0.00|0.00|0.00|0.00|0.00|0.00|
|C990|2013|
|E001|0|
|E100|01032024|31032024|
|E110|821273.72|0.00|0.00|821273.72|134.72|0.00|0.00|0.00|0.00|0.00|223724.38|223724.38|0.00|0.00|0.00|0.00|0.00|0.00|0.00|0.00|597414.62|
|E990|4|
|9001|0|
|9900|0000|1|
|9900|0001|1|
|9900|0005|1|
|9900|0150|5|
|9900|0990|1|
|9900|9001|1|
|9900|C001|1|
|9900|C100|500|
|9900|C170|1511|
|9900|C990|1|
|9900|E001|1|
|9900|E100|1|
|9900|E110|1|
|9900|E990|1|
|9990|17|
|9999|2043|
