|0000|LEIAUTE 17|01012024|31012024|12345678000195|ALPHA COMERCIO DE PECAS LTDA|SP|111111111111||SAO PAULO|3550308|0|0|
|0001|0|
|0005|ALPHA COMERCIO DE PECAS LTDA|XX.XXX.XXX/XXXX-XX|12345678000195|contato@empresa.com.br|(11) 0000-0000|
|0150|55512312300010|FORNECEDOR NACIONAL LTDA|SP|444444444444||||55512312300010||
|0150|77788899000177|CLIENTE VAREJO SA|RJ|555555555555||||77788899000177||
|0150|33366699000100|DISTRIBUIDORA CENTRO OESTE|GO|666666666666||||33366699000100||
|0150|22244466000133|INDUSTRIA DO NORTE LTDA|PA|777777777777||||22244466000133||
|0150|99900011000155|ATACADO SUL COMERCIO|SC|888888888888||||99900011000155||
|0990|9|
|C001|0|
|C100|1|0|12345678000195|55|00|000000001|000|08012024|09012024|250.86|214.35|25.72|0.00|0.00|0.00|0.00|0.00|0.00|0.00|0|33366699000100|
|C170|1|PROD006|EMBALAGEM PADRAO F|44.72|UN|250.86|5102|20|214.35|12.00|25.72|0.00|0.00|0.00|0.00|0.00|0.00|
|C100|1|0|12345678000195|55|00|000000002|000|08012024|08012024|409.14|380.39|45.64|0.00|0.00|0.00|0.00|0.00|0.00|0.00|0|77788899000177|
|C170|1|PROD006|EMBALAGEM PADRAO F|21.56|UN|175.47|6101|00|172.03|12.00|20.64|0.00|0.00|0.00|0.00|0.00|0.00|
|C170|2|PROD006|EMBALAGEM PADRAO F|38.18|UN|233.67|6101|20|208.36|12.00|25.00|0.00|0.00|0.00|0.00|0.00|0.00|
|C100|1|0|12345678000195|55|00|000000003|000|31012024|02022024|12364.21|10590.16|1270.82|0.00|0.00|0.00|0.00|0.00|0.00|0.00|0|77788899000177|
|C170|1|PROD004|PRODUTO ACABADO D|18.59|UN|12364.21|5101|00|10590.16|12.00|1270.82|0.00|0.00|0.00|0.00|0.00|0.00|
|C100|1|0|12345678000195|55|00|000000004|000|18012024|18012024|1320.02|1236.33|148.36|0.00|0.00|0.00|0.00|0.00|0.00|0.00|0|22244466000133|
|C170|1|PROD005|INSUMO INDUSTRIAL E|41.64|UN|1320.02|5403|51|1236.33|12.00|148.36|0.00|0.00|0.00|0.00|0.00|0.00|
|C100|1|0|12345678000195|55|00|000000005|000|02012024|03012024|4798.20|4678.80|561.46|0.00|0.00|0.00|0.00|0.00|0.00|0.00|0|55512312300010|
|C170|1|PROD007|PARTE SOBRESSALENTE G|43.46|UN|4798.20|5401|20|4678.80|12.00|561.46|0.00|0.00|0.00|0.00|0.00|0.00|
|C100|1|0|12345678000195|55|00|000000006|000|12012024|14012024|1299.03|258.04|30.96|0.00|0.00|0.00|0.00|0.00|0.00|0.00|0|77788899000177|
|C170|1|PROD006|EMBALAGEM PADRAO F|32.11|UN|280.68|5102|00|258.04|12.00|30.96|0.00|0.00|0.00|0.00|0.00|0.00|
|C170|2|PROD006|EMBALAGEM PADRAO F|14.23|UN|163.33|5102|40|0.00|12.00|0.00|0.00|0.00|0.00|0.00|0.00|0.00|
|C170|3|PROD001|PECA MECANICA TIPO A|11.76|UN|855.02|5102|41|0.00|12.00|0.00|0.00|0.00|0.00|0.00|0.00|0.00|
|C100|1|0|12345678000195|55|00|000000007|000|08012024|08012024|38891.74|22079.17|2649.50|0.00|0.00|0.00|0.00|0.00|0.00|0.00|0|55512312300010|
|C170|1|PROD003|MATERIAL BRUTO C|16.42|UN|4898.12|5401|10|4835.34|12.00|580.24|0.00|0.00|0.00|0.00|0.00|0.00|
|C170|2|PROD002|COMPONENTE ELETRICO B|23.48|UN|1046.68|5401|00|977.81|12.00|117.34|0.00|0.00|0.00|0.00|0.00|0.00|
|C170|3|PROD008|CONJUNTO MONTADO H|13.87|UN|15389.18|5401|60|0.00|12.00|0.00|0.00|0.00|0.00|0.00|0.00|0.00|
|C170|4|PROD008|CONJUNTO MONTADO H|20.57|UN|17557.76|5401|90|16266.02|12.00|1951.92|0.00|0.00|0.00|0.00|0.00|0.00|
|C100|1|0|12345678000195|55|00|000000008|000|25012024|25012024|4364.09|3734.41|448.13|0.00|0.00|0.00|0.00|0.00|0.00|0.00|0|55512312300010|
|C170|1|PROD006|EMBALAGEM PADRAO F|21.69|UN|117.97|5101|10|117.90|12.00|14.15|0.00|0.00|0.00|0.00|0.00|0.00|
|C170|2|PROD007|PARTE SOBRESSALENTE G|26.93|UN|4246.12|5101|51|3616.51|12.00|433.98|0.00|0.00|0.00|0.00|0.00|0.00|
|C100|1|0|12345678000195|55|00|000000009|000|22012024|24012024|40062.19|37789.36|4534.73|0.00|0.00|0.00|0.00|0.00|0.00|0.00|0|55512312300010|
|C170|1|PROD001|PECA MECANICA TIPO A|47.74|UN|5313.61|6102|00|4915.56|12.00|589.87|0.00|0.00|0.00|0.00|0.00|0.00|
|C170|2|PROD004|PRODUTO ACABADO D|9.75|UN|9149.84|6102|51|8186.97|12.00|982.44|0.00|0.00|0.00|0.00|0.00|0.00|
|C170|3|PROD004|PRODUTO ACABADO D|32.31|UN|25598.74|6102|00|24686.83|12.00|2962.42|0.00|0.00|0.00|0.00|0.00|0.00|
|C100|1|0|12345678000195|55|00|000000010|000|31012024|31012024|59532.76|38745.69|4649.48|0.00|0.00|0.00|0.00|0.00|0.00|0.00|0|99900011000155|
|C170|1|PROD004|PRODUTO ACABADO D|49.28|UN|43724.57|6101|00|38745.69|12.00|4649.48|0.00|0.00|0.00|0.00|0.00|0.00|
|C170|2|PROD001|PECA MECANICA TIPO A|28.80|UN|1598.69|6101|40|0.00|12.00|0.00|0.00|0.00|0.00|0.00|0.00|0.00|
|C170|3|PROD003|MATERIAL BRUTO C|40.98|UN|14209.50|6101|30|0.00|12.00|0.00|0.00|0.00|0.00|0.00|0.00|0.00|
|C100|1|0|12345678000195|55|00|000000011|000|05012024|08012024|8570.23|3530.37|423.64|0.00|0.00|0.00|0.00|0.00|0.00|0.00|0|77788899000177|
|C170|1|PROD003|MATERIAL BRUTO C|21.73|UN|5037.29|6101|30|0.00|12.00|0.00|0.00|0.00|0.00|0.00|0.00|0.00|
|C170|2|PROD007|PARTE SOBRESSALENTE G|36.77|UN|3532.94|6101|10|3530.37|12.00|423.64|0.00|0.00|0.00|0.00|0.00|0.00|
|C100|1|0|12345678000195|55|00|000000012|000|15012024|18012024|8753.49|1095.11|131.41|0.00|0.00|0.00|0.00|0.00|0.00|0.00|0|33366699000100|
|C170|1|PROD002|COMPONENTE ELETRICO B|29.83|UN|1272.42|5101|00|1095.11|12.00|131.41|0.00|0.00|0.00|0.00|0.00|0.00|
|C170|2|PROD003|MATERIAL BRUTO C|31.92|UN|7481.07|5101|60|0.00|12.00|0.00|0.00|0.00|0.00|0.00|0.00|0.00|
|C100|1|0|12345678000195|55|00|000000013|000|03012024|04012024|31909.64|1116.55|133.99|0.00|0.00|0.00|0.00|0.00|0.00|0.00|0|33366699000100|
|C170|1|PROD002|LINHA_CORROMPIDA|
|C170|2|PROD002|COMPONENTE ELETRICO B|10.33|UN|364.96|5401|20|333.40|12.00|40.01|0.00|0.00|0.00|0.00|0.00|0.00|
|C170|3|PROD008|CONJUNTO MONTADO H|23.88|UN|28908.00|5401|40|0.00|12.00|0.00|0.00|0.00|0.00|0.00|0.00|0.00|
|C170|4|PROD005|INSUMO INDUSTRIAL E|49.22|UN|869.30|5401|20|783.15|12.00|93.98|0.00|0.00|0.00|0.00|0.00|0.00|
|C100|1|0|12345678000195|55|00|000000014|000|08012024|09012024|44845.92|3798.70|455.85|0.00|0.00|0.00|0.00|0.00|0.00|0.00|0|55512312300010|
|C170|1|PROD004|PRODUTO ACABADO D|22.71|UN|20747.19|5102|40|0.00|12.00|0.00|0.00|0.00|0.00|0.00|0.00|0.00|
|C170|2|PROD004|PRODUTO ACABADO D|3.48|UN|3408.24|5102|50|0.00|12.00|0.00|0.00|0.00|0.00|0.00|0.00|0.00|
|C170|3|PROD003|MATERIAL BRUTO C|48.48|UN|16433.12|5102|50|0.00|12.00|0.00|0.00|0.00|0.00|0.00|0.00|0.00|
|C170|4|PROD002|COMPONENTE ELETRICO B|9.15|UN|518.84|5102|00|472.23|12.00|56.67|0.00|0.00|0.00|0.00|0.00|0.00|
|C170|5|PROD008|CONJUNTO MONTADO H|3.87|UN|3738.53|5102|90|3326.47|12.00|399.18|0.00|0.00|0.00|0.00|0.00|0.00|
|C100|1|0|12345678000195|55|00|000000015|000|10012024|13012024|26306.15|2950.34|354.04|0.00|0.00|0.00|0.00|0.00|0.00|0.00|0|22244466000133|
|C170|1|PROD006|EMBALAGEM PADRAO F|37.05|UN|201.19|6102|10|172.52|12.00|20.70|0.00|0.00|0.00|0.00|0.00|0.00|
|C170|2|PROD004|PRODUTO ACABADO D|24.36|UN|22933.14|6102|30|0.00|12.00|0.00|0.00|0.00|0.00|0.00|0.00|0.00|
|C170|3|PROD002|COMPONENTE ELETRICO B|3.79|UN|219.38|6102|51|188.73|12.00|22.65|0.00|0.00|0.00|0.00|0.00|0.00|
|C170|4|PROD002|COMPONENTE ELETRICO B|4.33|UN|335.14|6102|20|332.20|12.00|39.86|0.00|0.00|0.00|0.00|0.00|0.00|
|C170|5|PROD001|PECA MECANICA TIPO A|28.91|UN|2617.30|6102|00|2256.89|12.00|270.83|0.00|0.00|0.00|0.00|0.00|0.00|
|C100|1|0|12345678000195|55|00|000000016|000|19012024|21012024|8025.12|0.00|0.00|0.00|0.00|0.00|0.00|0.00|0.00|0.00|0|99900011000155|
|C170|1|PROD006|EMBALAGEM PADRAO F|14.02|UN|82.97|5401|40|0.00|12.00|0.00|0.00|0.00|0.00|0.00|0.00|0.00|
|C170|2|PROD003|MATERIAL BRUTO C|23.40|UN|7942.15|5401|70|0.00|12.00|0.00|0.00|0.00|0.00|0.00|0.00|0.00|
|C100|1|0|12345678000195|55|00|000000017|000|15012024|15012024|75205.90|43807.35|5256.88|0.00|0.00|0.00|0.00|0.00|0.00|0.00|0|55512312300010|
|C170|1|PROD002|COMPONENTE ELETRICO B|19.11|UN|739.06|5101|50|0.00|12.00|0.00|0.00|0.00|0.00|0.00|0.00|0.00|
|C170|2|PROD003|MATERIAL BRUTO C|35.47|UN|10349.25|5101|90|9812.09|12.00|1177.45|0.00|0.00|0.00|0.00|0.00|0.00|
|C170|3|PROD008|CONJUNTO MONTADO H|1.38|UN|1759.13|5101|00|1670.31|12.00|200.44|0.00|0.00|0.00|0.00|0.00|0.00|
|C170|4|PROD008|CONJUNTO MONTADO H|47.01|UN|37324.35|5101|00|32324.95|12.00|3878.99|0.00|0.00|0.00|0.00|0.00|0.00|
|C170|5|PROD008|CONJUNTO MONTADO H|28.11|UN|25034.11|5101|40|0.00|12.00|0.00|0.00|0.00|0.00|0.00|0.00|0.00|
|C100|1|0|12345678000195|55|00|000000018|000|07012024|09012024|50311.13|45762.97|5491.56|0.00|0.00|0.00|0.00|0.00|0.00|0.00|0|33366699000100|
|C170|1|PROD003|MATERIAL BRUTO C|41.64|UN|8602.83|6101|10|7481.22|12.00|897.75|0.00|0.00|0.00|0.00|0.00|0.00|
|C170|2|PROD008|CONJUNTO MONTADO H|49.01|UN|39850.52|6101|20|38091.12|12.00|4570.93|0.00|0.00|0.00|0.00|0.00|0.00|
|C170|3|PROD001|PECA MECANICA TIPO A|28.48|UN|1647.23|6101|70|0.00|12.00|0.00|0.00|0.00|0.00|0.00|0.00|0.00|
|C170|4|PROD006|EMBALAGEM PADRAO F|34.86|UN|210.55|6101|00|190.63|12.00|22.88|0.00|0.00|0.00|0.00|0.00|0.00|
|C100|1|0|12345678000195|55|00|000000019|000|05012024|08012024|14389.87|14171.70|1700.60|0.00|0.00|0.00|0.00|0.00|0.00|0.00|0|99900011000155|
|C170|1|PROD003|MATERIAL BRUTO C|45.05|UN|14389.87|5102|51|14171.70|12.00|1700.60|0.00|0.00|0.00|0.00|0.00|0.00|
|C100|1|0|12345678000195|55|00|000000020|000|22012024|23012024|9417.63|9063.73|1087.65|0.00|0.00|0.00|0.00|0.00|0.00|0.00|0|77788899000177|
|C170|1|PROD003|MATERIAL BRUTO C|28.43|UN|9417.63|6102|90|9063.73|12.00|1087.65|0.00|0.00|0.00|0.00|0.00|0.00|
|C100|1|0|12345678000195|55|00|000000021|000|28012024|29012024|36173.39|145.07|17.41|0.00|0.00|0.00|0.00|0.00|0.00|0.00|0|77788899000177|
|C170|1|PROD001|PECA MECANICA TIPO A|40.31|UN|4453.45|5102|50|0.00|12.00|0.00|0.00|0.00|0.00|0.00|0.00|0.00|
|C170|2|PROD006|EMBALAGEM PADRAO F|14.07|UN|147.91|5102|00|145.07|12.00|17.41|0.00|0.00|0.00|0.00|0.00|0.00|
|C170|3|PROD003|MATERIAL BRUTO C|43.07|UN|10051.48|5102|50|0.00|12.00|0.00|0.00|0.00|0.00|0.00|0.00|0.00|
|C170|4|PROD008|CONJUNTO MONTADO H|23.55|UN|21520.55|5102|41|0.00|12.00|0.00|0.00|0.00|0.00|0.00|0.00|0.00|
|C100|1|0|12345678000195|55|00|000000022|000|08012024|08012024|15034.38|13118.62|1574.24|0.00|0.00|0.00|0.00|0.00|0.00|0.00|0|77788899000177|
|C170|1|PROD004|PRODUTO ACABADO D|4.40|UN|3835.02|6102|10|3552.80|12.00|426.34|0.00|0.00|0.00|0.00|0.00|0.00|
|C170|2|PROD003|MATERIAL BRUTO C|34.30|UN|11199.36|6102|10|9565.82|12.00|1147.90|0.00|0.00|0.00|0.00|0.00|0.00|
|C100|1|0|12345678000195|55|00|000000023|000|06012024|08012024|649.93|648.39|77.81|0.00|0.00|0.00|0.00|0.00|0.00|0.00|0|33366699000100|
|C170|1|PROD005|INSUMO INDUSTRIAL E|17.94|UN|649.93|5101|20|648.39|12.00|77.81|0.00|0.00|0.00|0.00|0.00|0.00|
|C100|1|0|12345678000195|55|00|000000024|000|13012024|14012024|12.43|0.00|0.00|0.00|0.00|0.00|0.00|0.00|0.00|0.00|0|55512312300010|
|C170|1|PROD006|EMBALAGEM PADRAO F|1.08|UN|12.43|5401|30|0.00|12.00|0.00|0.00|0.00|0.00|0.00|0.00|0.00|
|C100|1|0|12345678000195|55|00|000000025|000|12012024|15012024|2465.89|966.18|115.94|0.00|0.00|0.00|0.00|0.00|0.00|0.00|0|77788899000177|
|C170|1|PROD005|INSUMO INDUSTRIAL E|45.10|UN|1293.98|5101|40|0.00|12.00|0.00|0.00|0.00|0.00|0.00|0.00|0.00|
|C170|2|PROD006|EMBALAGEM PADRAO F|16.98|UN|167.79|5101|40|0.00|12.00|0.00|0.00|0.00|0.00|0.00|0.00|0.00|
|C170|3|PROD001|PECA MECANICA TIPO A|10.40|UN|1004.12|5101|10|966.18|12.00|115.94|0.00|0.00|0.00|0.00|0.00|0.00|
|C100|1|0|12345678000195|55|00|000000026|000|20012024|22012024|15736.54|2331.20|279.74|0.00|0.00|0.00|0.00|0.00|0.00|0.00|0|77788899000177|
|C170|1|PROD007|PARTE SOBRESSALENTE G|16.79|UN|1936.56|5403|40|0.00|12.00|0.00|0.00|0.00|0.00|0.00|0.00|0.00|
|C170|2|PROD003|MATERIAL BRUTO C|26.05|UN|8310.87|5403|70|0.00|12.00|0.00|0.00|0.00|0.00|0.00|0.00|0.00|
|C170|3|PROD002|COMPONENTE ELETRICO B|37.06|UN|2454.99|5403|00|2331.20|12.00|279.74|0.00|0.00|0.00|0.00|0.00|0.00|
|C170|4|PROD007|PARTE SOBRESSALENTE G|31.34|UN|2741.66|5403|70|0.00|12.00|0.00|0.00|0.00|0.00|0.00|0.00|0.00|
|C170|5|PROD005|INSUMO INDUSTRIAL E|12.51|UN|292.46|5403|50|0.00|12.00|0.00|0.00|0.00|0.00|0.00|0.00|0.00|
|C100|1|0|12345678000195|55|00|000000027|000|01012024|01012024|56846.48|914.28|109.71|0.00|0.00|0.00|0.00|0.00|0.00|0.00|0|77788899000177|
|C170|1|PROD005|INSUMO INDUSTRIAL E|29.21|UN|1004.76|5102|10|914.28|12.00|109.71|0.00|0.00|0.00|0.00|0.00|0.00|
|C170|2|PROD007|PARTE SOBRESSALENTE G|8.23|UN|1111.27|5102|60|0.00|12.00|0.00|0.00|0.00|0.00|0.00|0.00|0.00|
|C170|3|PROD004|PRODUTO ACABADO D|43.16|UN|39925.71|5102|41|0.00|12.00|0.00|0.00|0.00|0.00|0.00|0.00|0.00|
|C170|4|PROD008|CONJUNTO MONTADO H|11.72|UN|14804.74|5102|40|0.00|12.00|0.00|0.00|0.00|0.00|0.00|0.00|0.00|
|C100|1|0|12345678000195|55|00|000000028|000|02012024|03012024|34563.24|2933.77|352.06|0.00|0.00|0.00|0.00|0.00|0.00|0.00|0|22244466000133|
|C170|1|PROD002|COMPONENTE ELETRICO B|16.55|UN|1183.84|5101|20|1150.99|12.00|138.12|0.00|0.00|0.00|0.00|0.00|0.00|
|C170|2|PROD004|PRODUTO ACABADO D|44.71|UN|31512.69|5101|60|0.00|12.00|0.00|0.00|0.00|0.00|0.00|0.00|0.00|
|C170|3|PROD005|INSUMO INDUSTRIAL E|22.85|UN|441.01|5101|51|404.63|12.00|48.56|0.00|0.00|0.00|0.00|0.00|0.00|
|C170|4|PROD005|INSUMO INDUSTRIAL E|37.84|UN|1425.70|5101|00|1378.15|12.00|165.38|0.00|0.00|0.00|0.00|0.00|0.00|
|C100|1|0|12345678000195|55|00|000000029|000|21012024|22012024|23057.53|22082.60|2649.92|0.00|0.00|0.00|0.00|0.00|0.00|0.00|0|22244466000133|
|C170|1|PROD001|PECA MECANICA TIPO A|27.47|UN|1639.51|5401|00|1564.24|12.00|187.71|0.00|0.00|0.00|0.00|0.00|0.00|
|C170|2|PROD003|MATERIAL BRUTO C|35.62|UN|7465.97|5401|20|6953.74|12.00|834.45|0.00|0.00|0.00|0.00|0.00|0.00|
|C170|3|PROD003|MATERIAL BRUTO C|21.37|UN|4937.80|5401|20|4867.32|12.00|584.08|0.00|0.00|0.00|0.00|0.00|0.00|
|C170|4|PROD003|MATERIAL BRUTO C|29.62|UN|9014.25|5401|51|8697.30|12.00|1043.68|0.00|0.00|0.00|0.00|0.00|0.00|
|C100|1|0|12345678000195|55|00|000000030|000|16012024|16012024|8259.22|2731.28|327.75|0.00|0.00|0.00|0.00|0.00|0.00|0.00|0|22244466000133|
|C170|1|PROD007|PARTE SOBRESSALENTE G|21.53|UN|3010.17|5401|30|0.00|12.00|0.00|0.00|0.00|0.00|0.00|0.00|0.00|
|C170|2|PROD007|PARTE SOBRESSALENTE G|30.56|UN|2983.78|5401|00|2731.28|12.00|327.75|0.00|0.00|0.00|0.00|0.00|0.00|
|C170|3|PROD008|CONJUNTO MONTADO H|2.42|UN|2265.27|5401|40|0.00|12.00|0.00|0.00|0.00|0.00|0.00|0.00|0.00|
|C100|1|0|12345678000195|55|00|000000031|000|24012024|25012024|50770.55|119.18|14.30|0.00|0.00|0.00|0.00|0.00|0.00|0.00|0|22244466000133|
|C170|1|PROD008|CONJUNTO MONTADO H|45.44|UN|50634.70|5403|40|0.00|12.00|0.00|0.00|0.00|0.00|0.00|0.00|0.00|
|C170|2|PROD005|INSUMO INDUSTRIAL E|5.11|UN|135.85|5403|51|119.18|12.00|14.30|0.00|0.00|0.00|0.00|0.00|0.00|
|C100|1|0|12345678000195|55|00|000000032|000|13012024|15012024|50810.96|16611.34|1993.36|0.00|0.00|0.00|0.00|0.00|0.00|0.00|0|33366699000100|
|C170|1|PROD003|MATERIAL BRUTO C|41.76|UN|9933.15|5102|00|8472.06|12.00|1016.65|0.00|0.00|0.00|0.00|0.00|0.00|
|C170|2|PROD007|PARTE SOBRESSALENTE G|27.43|UN|4388.85|5102|10|4158.53|12.00|499.02|0.00|0.00|0.00|0.00|0.00|0.00|
|C170|3|PROD004|PRODUTO ACABADO D|39.28|UN|31928.36|5102|41|0.00|12.00|0.00|0.00|0.00|0.00|0.00|0.00|0.00|
|C170|4|PROD007|PARTE SOBRESSALENTE G|47.53|UN|4560.60|5102|00|3980.75|12.00|477.69|0.00|0.00|0.00|0.00|0.00|0.00|
|C100|1|0|12345678000195|55|00|000000033|000|16012024|16012024|23868.86|22676.48|2721.18|0.00|0.00|0.00|0.00|0.00|0.00|0.00|0|77788899000177|
|C170|1|PROD004|PRODUTO ACABADO D|19.08|UN|15085.87|6101|90|14448.55|12.00|1733.83|0.00|0.00|0.00|0.00|0.00|0.00|
|C170|2|PROD003|MATERIAL BRUTO C|39.11|UN|8782.99|6101|10|8227.93|12.00|987.35|0.00|0.00|0.00|0.00|0.00|0.00|
|C100|1|0|12345678000195|55|00|000000034|000|19012024|22012024|2205.53|391.56|46.99|0.00|0.00|0.00|0.00|0.00|0.00|0.00|0|33366699000100|
|C170|1|PROD001|PECA MECANICA TIPO A|31.73|UN|1813.02|5403|41|0.00|12.00|0.00|0.00|0.00|0.00|0.00|0.00|0.00|
|C170|2|PROD006|EMBALAGEM PADRAO F|42.66|UN|392.51|5403|00|391.56|12.00|46.99|0.00|0.00|0.00|0.00|0.00|0.00|
|C100|1|0|12345678000195|55|00|000000035|000|12012024|15012024|4724.84|1967.51|236.10|0.00|0.00|0.00|0.00|0.00|0.00|0.00|0|55512312300010|
|C170|1|PROD001|PECA MECANICA TIPO A|21.58|UN|1819.66|6102|20|1645.57|12.00|197.47|0.00|0.00|0.00|0.00|0.00|0.00|
|C170|2|PROD006|EMBALAGEM PADRAO F|44.69|UN|367.33|6102|00|321.94|12.00|38.63|0.00|0.00|0.00|0.00|0.00|0.00|
|C170|3|PROD001|PECA MECANICA TIPO A|26.57|UN|2537.85|6102|40|0.00|12.00|0.00|0.00|0.00|0.00|0.00|0.00|0.00|
|C100|1|0|12345678000195|55|00|000000036|000|25012024|28012024|11289.52|9600.33|1152.04|0.00|0.00|0.00|0.00|0.00|0.00|0.00|0|99900011000155|
|C170|1|PROD007|PARTE SOBRESSALENTE G|46.80|UN|4787.70|5403|20|4608.50|12.00|553.02|0.00|0.00|0.00|0.00|0.00|0.00|
|C170|2|PROD005|INSUMO INDUSTRIAL E|28.92|UN|955.62|5403|10|883.13|12.00|105.98|0.00|0.00|0.00|0.00|0.00|0.00|
|C170|3|PROD003|MATERIAL BRUTO C|16.93|UN|4623.00|5403|10|4108.70|12.00|493.04|0.00|0.00|0.00|0.00|0.00|0.00|
|C170|4|PROD002|COMPONENTE ELETRICO B|14.70|UN|923.20|5403|60|0.00|12.00|0.00|0.00|0.00|0.00|0.00|0.00|0.00|
|C100|1|0|12345678000195|55|00|000000037|000|01012024|02012024|22434.29|19483.63|2338.04|0.00|0.00|0.00|0.00|0.00|0.00|0.00|0|99900011000155|
|C170|1|PROD006|EMBALAGEM PADRAO F|38.15|UN|375.01|5101|40|0.00|12.00|0.00|0.00|0.00|0.00|0.00|0.00|0.00|
|C170|2|PROD004|PRODUTO ACABADO D|25.05|UN|22059.28|5101|00|19483.63|12.00|2338.04|0.00|0.00|0.00|0.00|0.00|0.00|
|C100|1|0|12345678000195|55|00|000000038|000|10012024|12012024|19254.45|12173.85|1460.86|0.00|0.00|0.00|0.00|0.00|0.00|0.00|0|77788899000177|
|C170|1|PROD005|INSUMO INDUSTRIAL E|14.28|UN|311.05|5403|00|273.38|12.00|32.81|0.00|0.00|0.00|0.00|0.00|0.00|
|C170|2|PROD004|PRODUTO ACABADO D|6.86|UN|5192.95|5403|41|0.00|12.00|0.00|0.00|0.00|0.00|0.00|0.00|0.00|
|C170|3|PROD006|EMBALAGEM PADRAO F|10.07|UN|65.57|5403|20|62.86|12.00|7.54|0.00|0.00|0.00|0.00|0.00|0.00|
|C170|4|PROD003|MATERIAL BRUTO C|48.85|UN|13615.61|5403|00|11778.58|12.00|1413.43|0.00|0.00|0.00|0.00|0.00|0.00|
|C170|5|PROD006|EMBALAGEM PADRAO F|10.51|UN|69.27|5403|00|59.03|12.00|7.08|0.00|0.00|0.00|0.00|0.00|0.00|
|C100|1|0|12345678000195|55|00|000000039|000|05012024|07012024|647.53|598.08|71.77|0.00|0.00|0.00|0.00|0.00|0.00|0.00|0|99900011000155|
|C170|1|PROD005|INSUMO INDUSTRIAL E|35.17|UN|647.53|5101|51|598.08|12.00|71.77|0.00|0.00|0.00|0.00|0.00|0.00|
|C100|1|0|12345678000195|55|00|000000040|000|19012024|21012024|63281.34|57355.73|6882.68|0.00|0.00|0.00|0.00|0.00|0.00|0.00|0|55512312300010|
|C170|1|PROD004|PRODUTO ACABADO D|24.41|UN|21836.78|5403|20|18803.92|12.00|2256.47|0.00|0.00|0.00|0.00|0.00|0.00|
|C170|2|PROD002|COMPONENTE ELETRICO B|31.84|UN|1049.23|5403|00|980.43|12.00|117.65|0.00|0.00|0.00|0.00|0.00|0.00|
|C170|3|PROD001|PECA MECANICA TIPO A|15.89|UN|1899.73|5403|00|1832.61|12.00|219.91|0.00|0.00|0.00|0.00|0.00|0.00|
|C170|4|PROD008|CONJUNTO MONTADO H|30.71|UN|38495.60|5403|00|35738.77|12.00|4288.65|0.00|0.00|0.00|0.00|0.00|0.00|
|C100|1|0|12345678000195|55|00|000000041|000|30012024|02022024|44480.70|41518.35|4982.20|0.00|0.00|0.00|0.00|0.00|0.00|0.00|0|22244466000133|
|C170|1|PROD008|CONJUNTO MONTADO H|47.43|UN|40101.38|5401|00|38058.78|12.00|4567.05|0.00|0.00|0.00|0.00|0.00|0.00|
|C170|2|PROD003|MATERIAL BRUTO C|8.70|UN|1965.90|5401|00|1671.80|12.00|200.62|0.00|0.00|0.00|0.00|0.00|0.00|
|C170|3|PROD005|INSUMO INDUSTRIAL E|23.07|UN|716.02|5401|00|633.48|12.00|76.02|0.00|0.00|0.00|0.00|0.00|0.00|
|C170|4|PROD005|INSUMO INDUSTRIAL E|35.64|UN|1211.08|5401|20|1154.29|12.00|138.51|0.00|0.00|0.00|0.00|0.00|0.00|
|C170|5|PROD006|EMBALAGEM PADRAO F|46.27|UN|486.32|5401|40|0.00|12.00|0.00|0.00|0.00|0.00|0.00|0.00|0.00|
|C100|1|0|12345678000195|55|00|000000042|000|14012024|14012024|41638.37|36175.57|4341.07|0.00|0.00|0.00|0.00|0.00|0.00|0.00|0|77788899000177|
|C170|1|PROD006|EMBALAGEM PADRAO F|41.51|UN|228.28|6101|00|204.57|12.00|24.55|0.00|0.00|0.00|0.00|0.00|0.00|
|C170|2|PROD008|CONJUNTO MONTADO H|37.70|UN|41410.09|6101|00|35971.00|12.00|4316.52|0.00|0.00|0.00|0.00|0.00|0.00|
|C100|1|0|12345678000195|55|00|000000043|000|23012024|26012024|46079.67|42100.14|5052.02|0.00|0.00|0.00|0.00|0.00|0.00|0.00|0|33366699000100|
|C170|1|PROD005|INSUMO INDUSTRIAL E|30.58|UN|480.14|5401|00|456.68|12.00|54.80|0.00|0.00|0.00|0.00|0.00|0.00|
|C170|2|PROD004|PRODUTO ACABADO D|43.16|UN|33747.26|5401|00|32556.46|12.00|3906.78|0.00|0.00|0.00|0.00|0.00|0.00|
|C170|3|PROD005|INSUMO INDUSTRIAL E|41.25|UN|1260.60|5401|41|0.00|12.00|0.00|0.00|0.00|0.00|0.00|0.00|0.00|
|C170|4|PROD008|CONJUNTO MONTADO H|9.58|UN|10190.38|5401|20|9087.00|12.00|1090.44|0.00|0.00|0.00|0.00|0.00|0.00|
|C170|5|PROD006|EMBALAGEM PADRAO F|49.85|UN|401.29|5401|50|0.00|12.00|0.00|0.00|0.00|0.00|0.00|0.00|0.00|
|C100|1|0|12345678000195|55|00|000000044|000|16012024|18012024|8422.77|1837.61|220.51|0.00|0.00|0.00|0.00|0.00|0.00|0.00|0|55512312300010|
|C170|1|PROD003|MATERIAL BRUTO C|21.17|UN|5807.63|5403|40|0.00|12.00|0.00|0.00|0.00|0.00|0.00|0.00|0.00|
|C170|2|PROD001|PECA MECANICA TIPO A|20.62|UN|2128.81|5403|00|1837.61|12.00|220.51|0.00|0.00|0.00|0.00|0.00|0.00|
|C170|3|PROD002|COMPONENTE ELETRICO B|13.37|UN|486.33|5403|41|0.00|12.00|0.00|0.00|0.00|0.00|0.00|0.00|0.00|
|C100|1|0|12345678000195|55|00|000000045|000|27012024|27012024|38408.35|12003.38|1440.40|0.00|0.00|0.00|0.00|0.00|0.00|0.00|0|99900011000155|
|C170|1|PROD004|PRODUTO ACABADO D|22.66|UN|11891.29|6102|00|10341.28|12.00|1240.95|0.00|0.00|0.00|0.00|0.00|0.00|
|C170|2|PROD001|PECA MECANICA TIPO A|15.11|UN|1687.52|6102|20|1441.70|12.00|173.00|0.00|0.00|0.00|0.00|0.00|0.00|
|C170|3|PROD005|INSUMO INDUSTRIAL E|31.87|UN|1165.84|6102|40|0.00|12.00|0.00|0.00|0.00|0.00|0.00|0.00|0.00|
|C170|4|PROD005|INSUMO INDUSTRIAL E|16.23|UN|249.41|6102|20|220.40|12.00|26.45|0.00|0.00|0.00|0.00|0.00|0.00|
|C170|5|PROD004|PRODUTO ACABADO D|42.23|UN|23414.29|6102|70|0.00|12.00|0.00|0.00|0.00|0.00|0.00|0.00|0.00|
|C100|1|0|12345678000195|55|00|000000046|000|16012024|18012024|62986.60|33035.86|3964.30|0.00|0.00|0.00|0.00|0.00|0.00|0.00|0|77788899000177|
|C170|1|PROD004|PRODUTO ACABADO D|23.38|UN|13314.98|6101|00|12514.84|12.00|1501.78|0.00|0.00|0.00|0.00|0.00|0.00|
|C170|2|PROD004|PRODUTO ACABADO D|37.57|UN|21245.46|6101|00|20521.02|12.00|2462.52|0.00|0.00|0.00|0.00|0.00|0.00|
|C170|3|PROD004|PRODUTO ACABADO D|42.87|UN|28426.16|6101|41|0.00|12.00|0.00|0.00|0.00|0.00|0.00|0.00|0.00|
|C100|1|0|12345678000195|55|00|000000047|000|27012024|27012024|6506.10|4988.89|598.67|0.00|0.00|0.00|0.00|0.00|0.00|0.00|0|33366699000100|
|C170|1|PROD007|PARTE SOBRESSALENTE G|43.40|UN|5022.02|5401|20|4519.15|12.00|542.30|0.00|0.00|0.00|0.00|0.00|0.00|
|C170|2|PROD005|INSUMO INDUSTRIAL E|38.38|UN|966.43|5401|70|0.00|12.00|0.00|0.00|0.00|0.00|0.00|0.00|0.00|
|C170|3|PROD006|EMBALAGEM PADRAO F|43.61|UN|517.65|5401|00|469.74|12.00|56.37|0.00|0.00|0.00|0.00|0.00|0.00|
|C100|1|0|12345678000195|55|00|000000048|000|02012024|04012024|20936.16|20080.70|2409.68|0.00|0.00|0.00|0.00|0.00|0.00|0.00|0|22244466000133|
|C170|1|PROD006|EMBALAGEM PADRAO F|41.22|UN|489.25|6102|20|418.58|12.00|50.23|0.00|0.00|0.00|0.00|0.00|0.00|
|C170|2|PROD007|PARTE SOBRESSALENTE G|25.61|UN|3258.10|6102|51|3196.61|12.00|383.59|0.00|0.00|0.00|0.00|0.00|0.00|
|C170|3|PROD004|PRODUTO ACABADO D|22.57|UN|16986.78|6102|20|16279.56|12.00|1953.55|0.00|0.00|0.00|0.00|0.00|0.00|
|C170|4|PROD006|EMBALAGEM PADRAO F|21.09|UN|202.03|6102|00|185.95|12.00|22.31|0.00|0.00|0.00|0.00|0.00|0.00|
|C100|1|0|12345678000195|55|00|000000049|000|11012024|14012024|6361.29|5709.25|685.11|0.00|0.00|0.00|0.00|0.00|0.00|0.00|0|33366699000100|
|C170|1|PROD007|PARTE SOBRESSALENTE G|42.77|UN|6361.29|6102|10|5709.25|12.00|685.11|0.00|0.00|0.00|0.00|0.00|0.00|
|C100|1|0|12345678000195|55|00|000000050|000|28012024|28012024|1582.09|1366.22|163.95|0.00|0.00|0.00|0.00|0.00|0.00|0.00|0|22244466000133|
|C170|1|PROD002|COMPONENTE ELETRICO B|34.54|UN|1582.09|6101|00|1366.22|12.00|163.95|0.00|0.00|0.00|0.00|0.00|0.00|
|C100|1|0|12345678000195|55|00|000000051|000|25012024|25012024|8751.50|31.17|3.74|0.00|0.00|0.00|0.00|0.00|0.00|0.00|0|55512312300010|
|C170|1|PROD006|EMBALAGEM PADRAO F|3.25|UN|34.39|5403|00|31.17|12.00|3.74|0.00|0.00|0.00|0.00|0.00|0.00|
|C170|2|PROD008|CONJUNTO MONTADO H|8.13|UN|8717.11|5403|40|0.00|12.00|0.00|0.00|0.00|0.00|0.00|0.00|0.00|
|C100|1|0|12345678000195|55|00|000000052|000|06012024|07012024|37194.08|34412.54|4129.50|0.00|0.00|0.00|0.00|0.00|0.00|0.00|0|77788899000177|
|C170|1|PROD007|PARTE SOBRESSALENTE G|23.60|UN|2367.15|5101|00|2015.41|12.00|241.85|0.00|0.00|0.00|0.00|0.00|0.00|
|C170|2|PROD005|INSUMO INDUSTRIAL E|40.43|UN|1589.99|5101|40|0.00|12.00|0.00|0.00|0.00|0.00|0.00|0.00|0.00|
|C170|3|PROD002|COMPONENTE ELETRICO B|8.74|UN|474.64|5101|10|445.28|12.00|53.43|0.00|0.00|0.00|0.00|0.00|0.00|
|C170|4|PROD008|CONJUNTO MONTADO H|32.31|UN|32211.72|5101|00|31464.27|12.00|3775.71|0.00|0.00|0.00|0.00|0.00|0.00|
|C170|5|PROD002|COMPONENTE ELETRICO B|10.76|UN|550.58|5101|20|487.58|12.00|58.51|0.00|0.00|0.00|0.00|0.00|0.00|
|C100|1|0|12345678000195|55|00|000000053|000|12012024|14012024|46624.24|0.00|0.00|0.00|0.00|0.00|0.00|0.00|0.00|0.00|0|99900011000155|
|C170|1|PROD001|PECA MECANICA TIPO A|1.40|UN|154.44|6102|41|0.00|12.00|0.00|0.00|0.00|0.00|0.00|0.00|0.00|
|C170|2|PROD007|PARTE SOBRESSALENTE G|48.71|UN|7444.86|6102|40|0.00|12.00|0.00|0.00|0.00|0.00|0.00|0.00|0.00|
|C170|3|PROD004|PRODUTO ACABADO D|41.81|UN|39024.94|6102|41|0.00|12.00|0.00|0.00|0.00|0.00|0.00|0.00|0.00|
|C100|1|0|12345678000195|55|00|000000054|000|20012024|22012024|1551.25|0.00|0.00|0.00|0.00|0.00|0.00|0.00|0.00|0.00|0|77788899000177|
|C170|1|PROD005|INSUMO INDUSTRIAL E|36.33|UN|1191.46|5102|50|0.00|12.00|0.00|0.00|0.00|0.00|0.00|0.00|0.00|
|C170|2|PROD006|EMBALAGEM PADRAO F|31.78|UN|359.79|5102|40|0.00|12.00|0.00|0.00|0.00|0.00|0.00|0.00|0.00|
|C100|1|0|12345678000195|55|00|000000055|000|26012024|29012024|90550.76|78598.92|9431.86|0.00|0.00|0.00|0.00|0.00|0.00|0.00|0|33366699000100|
|C170|1|PROD003|MATERIAL BRUTO C|10.84|UN|3446.59|5101|51|3118.75|12.00|374.25|0.00|0.00|0.00|0.00|0.00|0.00|
|C170|2|PROD002|COMPONENTE ELETRICO B|25.59|UN|1151.20|5101|00|1136.36|12.00|136.36|0.00|0.00|0.00|0.00|0.00|0.00|
|C170|3|PROD008|CONJUNTO MONTADO H|47.27|UN|65091.94|5101|00|63826.52|12.00|7659.18|0.00|0.00|0.00|0.00|0.00|0.00|
|C170|4|PROD003|MATERIAL BRUTO C|40.41|UN|10919.99|5101|00|10517.29|12.00|1262.07|0.00|0.00|0.00|0.00|0.00|0.00|
|C170|5|PROD004|PRODUTO ACABADO D|12.05|UN|9941.04|5101|40|0.00|12.00|0.00|0.00|0.00|0.00|0.00|0.00|0.00|
|C100|1|0|12345678000195|55|00|000000056|000|31012024|02022024|38104.28|720.60|86.47|0.00|0.00|0.00|0.00|0.00|0.00|0.00|0|22244466000133|
|C170|1|PROD001|PECA MECANICA TIPO A|33.95|UN|3086.28|5101|50|0.00|12.00|0.00|0.00|0.00|0.00|0.00|0.00|0.00|
|C170|2|PROD005|INSUMO INDUSTRIAL E|47.07|UN|844.04|5101|00|720.60|12.00|86.47|0.00|0.00|0.00|0.00|0.00|0.00|
|C170|3|PROD004|PRODUTO ACABADO D|44.33|UN|34109.51|5101|60|0.00|12.00|0.00|0.00|0.00|0.00|0.00|0.00|0.00|
|C170|4|PROD006|EMBALAGEM PADRAO F|11.85|UN|64.45|5101|50|0.00|12.00|0.00|0.00|0.00|0.00|0.00|0.00|0.00|
|C100|1|0|12345678000195|55|00|000000057|000|21012024|24012024|4417.61|2694.06|323.29|0.00|0.00|0.00|0.00|0.00|0.00|0.00|0|33366699000100|
|C170|1|PROD001|PECA MECANICA TIPO A|49.80|UN|2894.87|5101|00|2694.06|12.00|323.29|0.00|0.00|0.00|0.00|0.00|0.00|
|C170|2|PROD001|PECA MECANICA TIPO A|20.04|UN|1522.74|5101|70|0.00|12.00|0.00|0.00|0.00|0.00|0.00|0.00|0.00|
|C100|1|0|12345678000195|55|00|000000058|000|14012024|15012024|4834.63|4610.02|553.20|0.00|0.00|0.00|0.00|0.00|0.00|0.00|0|99900011000155|
|C170|1|PROD007|PARTE SOBRESSALENTE G|31.17|UN|4834.63|5403|00|4610.02|12.00|553.20|0.00|0.00|0.00|0.00|0.00|0.00|
|C100|1|0|12345678000195|55|00|000000059|000|15012024|18012024|4760.02|4277.37|513.28|0.00|0.00|0.00|0.00|0.00|0.00|0.00|0|77788899000177|
|C170|1|PROD001|PECA MECANICA TIPO A|48.91|UN|3673.93|5102|10|3227.44|12.00|387.29|0.00|0.00|0.00|0.00|0.00|0.00|
|C170|2|PROD006|EMBALAGEM PADRAO F|6.99|UN|76.43|5102|20|72.56|12.00|8.71|0.00|0.00|0.00|0.00|0.00|0.00|
|C170|3|PROD005|INSUMO INDUSTRIAL E|32.44|UN|1009.66|5102|00|977.37|12.00|117.28|0.00|0.00|0.00|0.00|0.00|0.00|
|C100|1|0|12345678000195|55|00|000000060|000|05012024|06012024|7214.79|4192.09|503.06|0.00|0.00|0.00|0.00|0.00|0.00|0.00|0|77788899000177|
|C170|1|PROD002|COMPONENTE ELETRICO B|45.13|UN|1361.00|5101|51|1186.39|12.00|142.37|0.00|0.00|0.00|0.00|0.00|0.00|
|C170|2|PROD002|COMPONENTE ELETRICO B|7.37|UN|322.73|5101|00|306.32|12.00|36.76|0.00|0.00|0.00|0.00|0.00|0.00|
|C170|3|PROD007|PARTE SOBRESSALENTE G|2.26|UN|183.73|5101|41|0.00|12.00|0.00|0.00|0.00|0.00|0.00|0.00|0.00|
|C170|4|PROD003|MATERIAL BRUTO C|12.66|UN|3146.65|5101|00|2699.38|12.00|323.93|0.00|0.00|0.00|0.00|0.00|0.00|
|C170|5|PROD002|COMPONENTE ELETRICO B|37.34|UN|2200.68|5101|40|0.00|12.00|0.00|0.00|0.00|0.00|0.00|0.00|0.00|
|C100|1|0|12345678000195|55|00|000000061|000|15012024|17012024|41959.30|37020.95|4442.52|0.00|0.00|0.00|0.00|0.00|0.00|0.00|0|22244466000133|
|C170|1|PROD001|PECA MECANICA TIPO A|43.48|UN|3761.19|6101|20|3740.89|12.00|448.91|0.00|0.00|0.00|0.00|0.00|0.00|
|C170|2|PROD005|INSUMO INDUSTRIAL E|3.98|UN|111.16|6101|20|105.93|12.00|12.71|0.00|0.00|0.00|0.00|0.00|0.00|
|C170|3|PROD008|CONJUNTO MONTADO H|25.02|UN|33450.50|6101|00|28838.30|12.00|3460.60|0.00|0.00|0.00|0.00|0.00|0.00|
|C170|4|PROD001|PECA MECANICA TIPO A|30.81|UN|1682.06|6101|00|1589.48|12.00|190.74|0.00|0.00|0.00|0.00|0.00|0.00|
|C170|5|PROD007|PARTE SOBRESSALENTE G|27.87|UN|2954.39|6101|90|2746.35|12.00|329.56|0.00|0.00|0.00|0.00|0.00|0.00|
|C100|1|0|12345678000195|55|00|000000062|000|17012024|20012024|4655.30|0.00|0.00|0.00|0.00|0.00|0.00|0.00|0.00|0.00|0|22244466000133|
|C170|1|PROD007|PARTE SOBRESSALENTE G|32.90|UN|4655.30|5101|40|0.00|12.00|0.00|0.00|0.00|0.00|0.00|0.00|0.00|
|C100|1|0|12345678000195|55|00|000000063|000|14012024|17012024|37839.85|5733.41|688.01|0.00|0.00|0.00|0.00|0.00|0.00|0.00|0|77788899000177|
|C170|1|PROD003|MATERIAL BRUTO C|21.91|UN|6568.26|5102|10|5733.41|12.00|688.01|0.00|0.00|0.00|0.00|0.00|0.00|
|C170|2|PROD004|PRODUTO ACABADO D|46.23|UN|24602.40|5102|50|0.00|12.00|0.00|0.00|0.00|0.00|0.00|0.00|0.00|
|C170|3|PROD004|PRODUTO ACABADO D|5.57|UN|3042.08|5102|40|0.00|12.00|0.00|0.00|0.00|0.00|0.00|0.00|0.00|
|C170|4|PROD001|PECA MECANICA TIPO A|40.78|UN|3627.11|5102|40|0.00|12.00|0.00|0.00|0.00|0.00|0.00|0.00|0.00|
|C100|1|0|12345678000195|55|00|000000064|000|18012024|20012024|41692.87|41166.56|4939.99|0.00|0.00|0.00|0.00|0.00|0.00|0.00|0|99900011000155|
|C170|1|PROD004|PRODUTO ACABADO D|43.81|UN|41692.87|6102|20|41166.56|12.00|4939.99|0.00|0.00|0.00|0.00|0.00|0.00|
|C100|1|0|12345678000195|55|00|000000065|000|31012024|02022024|11530.32|10589.48|1270.74|0.00|0.00|0.00|0.00|0.00|0.00|0.00|0|55512312300010|
|C170|1|PROD003|MATERIAL BRUTO C|33.18|UN|7752.18|6101|00|7572.38|12.00|908.69|0.00|0.00|0.00|0.00|0.00|0.00|
|C170|2|PROD005|INSUMO INDUSTRIAL E|19.01|UN|676.57|6101|40|0.00|12.00|0.00|0.00|0.00|0.00|0.00|0.00|0.00|
|C170|3|PROD002|COMPONENTE ELETRICO B|40.55|UN|3101.57|6101|90|3017.10|12.00|362.05|0.00|0.00|0.00|0.00|0.00|0.00|
|C100|1|0|12345678000195|55|00|000000066|000|22012024|22012024|14676.87|2999.47|359.94|0.00|0.00|0.00|0.00|0.00|0.00|0.00|0|99900011000155|
|C170|1|PROD001|PECA MECANICA TIPO A|46.16|UN|3441.78|6101|00|2999.47|12.00|359.94|0.00|0.00|0.00|0.00|0.00|0.00|
|C170|2|PROD003|MATERIAL BRUTO C|33.21|UN|6988.71|6101|40|0.00|12.00|0.00|0.00|0.00|0.00|0.00|0.00|0.00|
|C170|3|PROD007|PARTE SOBRESSALENTE G|48.62|UN|4246.38|6101|30|0.00|12.00|0.00|0.00|0.00|0.00|0.00|0.00|0.00|
|C100|1|0|12345678000195|55|00|000000067|000|14012024|17012024|11220.20|9556.04|1146.72|0.00|0.00|0.00|0.00|0.00|0.00|0.00|0|22244466000133|
|C170|1|PROD003|MATERIAL BRUTO C|39.06|UN|11138.99|5401|00|9556.04|12.00|1146.72|0.00|0.00|0.00|0.00|0.00|0.00|
|C170|2|PROD006|EMBALAGEM PADRAO F|8.71|UN|81.21|5401|40|0.00|12.00|0.00|0.00|0.00|0.00|0.00|0.00|0.00|
|C100|1|0|12345678000195|55|00|000000068|000|15012024|18012024|20809.40|12745.66|1529.48|0.00|0.00|0.00|0.00|0.00|0.00|0.00|0|33366699000100|
|C170|1|PROD004|PRODUTO ACABADO D|14.88|UN|12285.14|5403|20|11671.74|12.00|1400.61|0.00|0.00|0.00|0.00|0.00|0.00|
|C170|2|PROD003|MATERIAL BRUTO C|3.23|UN|836.21|5403|40|0.00|12.00|0.00|0.00|0.00|0.00|0.00|0.00|0.00|
|C170|3|PROD007|PARTE SOBRESSALENTE G|1.38|UN|143.36|5403|00|124.81|12.00|14.98|0.00|0.00|0.00|0.00|0.00|0.00|
|C170|4|PROD001|PECA MECANICA TIPO A|13.52|UN|986.55|5403|00|949.11|12.00|113.89|0.00|0.00|0.00|0.00|0.00|0.00|
|C170|5|PROD004|PRODUTO ACABADO D|9.61|UN|6558.14|5403|40|0.00|12.00|0.00|0.00|0.00|0.00|0.00|0.00|0.00|
|C100|1|0|12345678000195|55|00|000000069|000|18012024|20012024|66210.49|57239.25|6868.71|0.00|0.00|0.00|0.00|0.00|0.00|0.00|0|99900011000155|
|C170|1|PROD007|PARTE SOBRESSALENTE G|43.24|UN|5451.21|5101|40|0.00|12.00|0.00|0.00|0.00|0.00|0.00|0.00|0.00|
|C170|2|PROD001|PECA MECANICA TIPO A|35.77|UN|2834.02|5101|00|2417.78|12.00|290.13|0.00|0.00|0.00|0.00|0.00|0.00|
|C170|3|PROD001|PECA MECANICA TIPO A|16.91|UN|1794.41|5101|40|0.00|12.00|0.00|0.00|0.00|0.00|0.00|0.00|0.00|
|C170|4|PROD008|CONJUNTO MONTADO H|41.77|UN|56130.85|5101|00|54821.47|12.00|6578.58|0.00|0.00|0.00|0.00|0.00|0.00|
|C100|1|0|12345678000195|55|00|000000070|000|14012024|17012024|10742.10|9401.70|1128.20|0.00|0.00|0.00|0.00|0.00|0.00|0.00|0|77788899000177|
|C170|1|PROD004|PRODUTO ACABADO D|16.20|UN|10742.10|6101|10|9401.70|12.00|1128.20|0.00|0.00|0.00|0.00|0.00|0.00|
|C100|1|0|12345678000195|55|00|000000071|000|21012024|21012024|45030.92|1828.92|219.48|0.00|0.00|0.00|0.00|0.00|0.00|0.00|0|99900011000155|
|C170|1|PROD002|COMPONENTE ELETRICO B|8.24|UN|293.65|6101|00|257.24|12.00|30.87|0.00|0.00|0.00|0.00|0.00|0.00|
|C170|2|PROD007|PARTE SOBRESSALENTE G|8.49|UN|1194.94|6101|00|1186.21|12.00|142.35|0.00|0.00|0.00|0.00|0.00|0.00|
|C170|3|PROD003|MATERIAL BRUTO C|31.77|UN|8564.60|6101|40|0.00|12.00|0.00|0.00|0.00|0.00|0.00|0.00|0.00|
|C170|4|PROD008|CONJUNTO MONTADO H|29.39|UN|34590.57|6101|60|0.00|12.00|0.00|0.00|0.00|0.00|0.00|0.00|0.00|
|C170|5|PROD006|EMBALAGEM PADRAO F|32.51|UN|387.16|6101|10|385.47|12.00|46.26|0.00|0.00|0.00|0.00|0.00|0.00|
|C100|1|0|12345678000195|55|00|000000072|000|05012024|08012024|38695.20|35426.68|4251.20|0.00|0.00|0.00|0.00|0.00|0.00|0.00|0|33366699000100|
|C170|1|PROD004|PRODUTO ACABADO D|25.86|UN|16783.14|5101|20|14408.89|12.00|1729.07|0.00|0.00|0.00|0.00|0.00|0.00|
|C170|2|PROD003|MATERIAL BRUTO C|41.75|UN|8831.18|5101|51|8639.49|12.00|1036.74|0.00|0.00|0.00|0.00|0.00|0.00|
|C170|3|PROD003|MATERIAL BRUTO C|31.14|UN|8595.13|5101|20|8020.52|12.00|962.46|0.00|0.00|0.00|0.00|0.00|0.00|
|C170|4|PROD001|PECA MECANICA TIPO A|39.80|UN|4485.75|5101|20|4357.78|12.00|522.93|0.00|0.00|0.00|0.00|0.00|0.00|
|C100|1|0|12345678000195|55|00|000000073|000|11012024|14012024|69337.98|45197.91|5423.75|0.00|0.00|0.00|0.00|0.00|0.00|0.00|0|77788899000177|
|C170|1|PROD008|CONJUNTO MONTADO H|40.74|UN|52394.30|6101|90|45197.91|12.00|5423.75|0.00|0.00|0.00|0.00|0.00|0.00|
|C170|2|PROD004|PRODUTO ACABADO D|32.66|UN|16943.68|6101|40|0.00|12.00|0.00|0.00|0.00|0.00|0.00|0.00|0.00|
|C100|1|0|12345678000195|55|00|000000074|000|17012024|18012024|38692.01|1986.73|238.41|0.00|0.00|0.00|0.00|0.00|0.00|0.00|0|22244466000133|
|C170|1|PROD008|CONJUNTO MONTADO H|34.27|UN|25242.39|5401|40|0.00|12.00|0.00|0.00|0.00|0.00|0.00|0.00|0.00|
|C170|2|PROD004|PRODUTO ACABADO D|17.40|UN|11452.23|5401|40|0.00|12.00|0.00|0.00|0.00|0.00|0.00|0.00|0.00|
|C170|3|PROD007|PARTE SOBRESSALENTE G|19.94|UN|1997.39|5401|51|1986.73|12.00|238.41|0.00|0.00|0.00|0.00|0.00|0.00|
|C100|1|0|12345678000195|55|00|000000075|000|28012024|29012024|193.89|185.12|22.21|0.00|0.00|0.00|0.00|0.00|0.00|0.00|0|99900011000155|
|C170|1|PROD005|INSUMO INDUSTRIAL E|7.93|UN|193.89|5401|90|185.12|12.00|22.21|0.00|0.00|0.00|0.00|0.00|0.00|
|C100|1|0|12345678000195|55|00|000000076|000|05012024|05012024|39409.00|3503.86|420.47|0.00|0.00|0.00|0.00|0.00|0.00|0.00|0|22244466000133|
|C170|1|PROD004|PRODUTO ACABADO D|37.20|UN|30838.80|5401|30|0.00|12.00|0.00|0.00|0.00|0.00|0.00|0.00|0.00|
|C170|2|PROD007|PARTE SOBRESSALENTE G|32.66|UN|3718.42|5401|10|3362.90|12.00|403.55|0.00|0.00|0.00|0.00|0.00|0.00|
|C170|3|PROD007|PARTE SOBRESSALENTE G|9.83|UN|955.18|5401|70|0.00|12.00|0.00|0.00|0.00|0.00|0.00|0.00|0.00|
|C170|4|PROD006|EMBALAGEM PADRAO F|24.83|UN|163.61|5401|00|140.96|12.00|16.92|0.00|0.00|0.00|0.00|0.00|0.00|
|C170|5|PROD007|PARTE SOBRESSALENTE G|42.38|UN|3732.99|5401|41|0.00|12.00|0.00|0.00|0.00|0.00|0.00|0.00|0.00|
|C100|1|0|12345678000195|55|00|000000077|000|02012024|04012024|3483.58|2850.69|342.08|0.00|0.00|0.00|0.00|0.00|0.00|0.00|0|99900011000155|
|C170|1|PROD005|INSUMO INDUSTRIAL E|9.86|UN|332.41|6101|40|0.00|12.00|0.00|0.00|0.00|0.00|0.00|0.00|0.00|
|C170|2|PROD002|COMPONENTE ELETRICO B|45.23|UN|3151.17|6101|00|2850.69|12.00|342.08|0.00|0.00|0.00|0.00|0.00|0.00|
|C100|1|0|12345678000195|55|00|000000078|000|15012024|17012024|45960.46|37177.54|4461.31|0.00|0.00|0.00|0.00|0.00|0.00|0.00|0|77788899000177|
|C170|1|PROD002|COMPONENTE ELETRICO B|45.30|UN|1842.15|6102|40|0.00|12.00|0.00|0.00|0.00|0.00|0.00|0.00|0.00|
|C170|2|PROD002|COMPONENTE ELETRICO B|28.95|UN|1570.01|6102|41|0.00|12.00|0.00|0.00|0.00|0.00|0.00|0.00|0.00|
|C170|3|PROD008|CONJUNTO MONTADO H|39.13|UN|41163.83|6102|20|35989.90|12.00|4318.79|0.00|0.00|0.00|0.00|0.00|0.00|
|C170|4|PROD007|PARTE SOBRESSALENTE G|10.79|UN|1384.47|6102|51|1187.64|12.00|142.52|0.00|0.00|0.00|0.00|0.00|0.00|
|C100|1|0|12345678000195|55|00|000000079|000|28012024|30012024|154.26|134.83|16.18|0.00|0.00|0.00|0.00|0.00|0.00|0.00|0|22244466000133|
|C170|1|PROD006|EMBALAGEM PADRAO F|26.28|UN|154.26|6101|00|134.83|12.00|16.18|0.00|0.00|0.00|0.00|0.00|0.00|
|C100|1|0|12345678000195|55|00|000000080|000|29012024|30012024|12067.59|10305.73|1236.69|0.00|0.00|0.00|0.00|0.00|0.00|0.00|0|22244466000133|
|C170|1|PROD008|CONJUNTO MONTADO H|11.88|UN|12067.59|5403|10|10305.73|12.00|1236.69|0.00|0.00|0.00|0.00|0.00|0.00|
|C100|1|0|12345678000195|55|00|000000081|000|13012024|15012024|68796.80|14366.37|1723.96|0.00|0.00|0.00|0.00|0.00|0.00|0.00|0|55512312300010|
|C170|1|PROD008|CONJUNTO MONTADO H|42.12|UN|48647.34|5102|41|0.00|12.00|0.00|0.00|0.00|0.00|0.00|0.00|0.00|
|C170|2|PROD003|MATERIAL BRUTO C|7.74|UN|1881.54|5102|50|0.00|12.00|0.00|0.00|0.00|0.00|0.00|0.00|0.00|
|C170|3|PROD001|PECA MECANICA TIPO A|35.11|UN|2096.65|5102|40|0.00|12.00|0.00|0.00|0.00|0.00|0.00|0.00|0.00|
|C170|4|PROD008|CONJUNTO MONTADO H|22.98|UN|16171.27|5102|00|14366.37|12.00|1723.96|0.00|0.00|0.00|0.00|0.00|0.00|
|C100|1|0|12345678000195|55|00|000000082|000|18012024|21012024|6335.30|3749.61|449.95|0.00|0.00|0.00|0.00|0.00|0.00|0.00|0|77788899000177|
|C170|1|PROD002|COMPONENTE ELETRICO B|32.31|UN|2075.85|5101|00|2025.00|12.00|243.00|0.00|0.00|0.00|0.00|0.00|0.00|
|C170|2|PROD001|PECA MECANICA TIPO A|25.49|UN|2231.06|5101|40|0.00|12.00|0.00|0.00|0.00|0.00|0.00|0.00|0.00|
|C170|3|PROD002|COMPONENTE ELETRICO B|29.18|UN|2028.39|5101|00|1724.61|12.00|206.95|0.00|0.00|0.00|0.00|0.00|0.00|
|C100|1|0|12345678000195|55|00|000000083|000|08012024|11012024|760.62|0.00|0.00|0.00|0.00|0.00|0.00|0.00|0.00|0.00|0|33366699000100|
|C170|1|PROD005|INSUMO INDUSTRIAL E|18.67|UN|760.62|5102|30|0.00|12.00|0.00|0.00|0.00|0.00|0.00|0.00|0.00|
|C100|1|0|12345678000195|55|00|000000084|000|18012024|18012024|8064.40|3140.10|376.82|0.00|0.00|0.00|0.00|0.00|0.00|0.00|0|99900011000155|
|C170|1|PROD001|PECA MECANICA TIPO A|18.50|UN|1012.40|5403|00|960.33|12.00|115.24|0.00|0.00|0.00|0.00|0.00|0.00|
|C170|2|PROD004|PRODUTO ACABADO D|6.08|UN|4738.20|5403|41|0.00|12.00|0.00|0.00|0.00|0.00|0.00|0.00|0.00|
|C170|3|PROD003|MATERIAL BRUTO C|7.54|UN|1905.66|5403|10|1803.55|12.00|216.43|0.00|0.00|0.00|0.00|0.00|0.00|
|C170|4|PROD006|EMBALAGEM PADRAO F|41.69|UN|408.14|5403|90|376.22|12.00|45.15|0.00|0.00|0.00|0.00|0.00|0.00|
|C100|1|0|12345678000195|55|00|000000085|000|26012024|27012024|22314.82|19761.10|2371.33|0.00|0.00|0.00|0.00|0.00|0.00|0.00|0|77788899000177|
|C170|1|PROD001|PECA MECANICA TIPO A|16.46|UN|1180.63|5101|10|1147.94|12.00|137.75|0.00|0.00|0.00|0.00|0.00|0.00|
|C170|2|PROD002|COMPONENTE ELETRICO B|24.20|UN|774.55|5101|40|0.00|12.00|0.00|0.00|0.00|0.00|0.00|0.00|0.00|
|C170|3|PROD007|PARTE SOBRESSALENTE G|15.02|UN|2237.38|5101|00|2121.84|12.00|254.62|0.00|0.00|0.00|0.00|0.00|0.00|
|C170|4|PROD008|CONJUNTO MONTADO H|14.39|UN|18122.26|5101|20|16491.32|12.00|1978.96|0.00|0.00|0.00|0.00|0.00|0.00|
|C100|1|0|12345678000195|55|00|000000086|000|29012024|01022024|54384.46|0.00|0.00|0.00|0.00|0.00|0.00|0.00|0.00|0.00|0|22244466000133|
|C170|1|PROD004|PRODUTO ACABADO D|46.29|UN|34683.53|5401|50|0.00|12.00|0.00|0.00|0.00|0.00|0.00|0.00|0.00|
|C170|2|PROD004|PRODUTO ACABADO D|36.63|UN|19700.93|5401|40|0.00|12.00|0.00|0.00|0.00|0.00|0.00|0.00|0.00|
|C100|1|0|12345678000195|55|00|000000087|000|18012024|20012024|2385.36|0.00|0.00|0.00|0.00|0.00|0.00|0.00|0.00|0.00|0|77788899000177|
|C170|1|PROD001|PECA MECANICA TIPO A|33.38|UN|2385.36|5401|40|0.00|12.00|0.00|0.00|0.00|0.00|0.00|0.00|0.00|
|C100|1|0|12345678000195|55|00|000000088|000|06012024|09012024|42541.65|39171.67|4700.61|0.00|0.00|0.00|0.00|0.00|0.00|0.00|0|22244466000133|
|C170|1|PROD001|PECA MECANICA TIPO A|14.45|UN|1714.13|5401|70|0.00|12.00|0.00|0.00|0.00|0.00|0.00|0.00|0.00|
|C170|2|PROD007|PARTE SOBRESSALENTE G|4.68|UN|612.69|5401|10|594.41|12.00|71.33|0.00|0.00|0.00|0.00|0.00|0.00|
|C170|3|PROD003|MATERIAL BRUTO C|34.29|UN|11759.07|5401|00|11066.88|12.00|1328.03|0.00|0.00|0.00|0.00|0.00|0.00|
|C170|4|PROD008|CONJUNTO MONTADO H|39.28|UN|28455.76|5401|00|27510.38|12.00|3301.25|0.00|0.00|0.00|0.00|0.00|0.00|
|C100|1|0|12345678000195|55|00|000000089|000|12012024|15012024|1392.21|1342.73|161.13|0.00|0.00|0.00|0.00|0.00|0.00|0.00|0|33366699000100|
|C170|1|PROD005|INSUMO INDUSTRIAL E|34.27|UN|1392.21|6101|10|1342.73|12.00|161.13|0.00|0.00|0.00|0.00|0.00|0.00|
|C100|1|0|12345678000195|55|00|000000090|000|05012024|07012024|2638.80|2392.56|287.11|0.00|0.00|0.00|0.00|0.00|0.00|0.00|0|99900011000155|
|C170|1|PROD006|EMBALAGEM PADRAO F|37.05|UN|314.54|5403|10|293.86|12.00|35.26|0.00|0.00|0.00|0.00|0.00|0.00|
|C170|2|PROD002|COMPONENTE ELETRICO B|13.83|UN|612.81|5403|20|612.48|12.00|73.50|0.00|0.00|0.00|0.00|0.00|0.00|
|C170|3|PROD001|PECA MECANICA TIPO A|14.99|UN|1711.45|5403|20|1486.22|12.00|178.35|0.00|0.00|0.00|0.00|0.00|0.00|
|C100|1|0|12345678000195|55|00|000000091|000|15012024|16012024|132769.26|84275.44|10113.06|0.00|0.00|0.00|0.00|0.00|0.00|0.00|0|55512312300010|
|C170|1|PROD008|CONJUNTO MONTADO H|33.72|UN|40356.84|6102|30|0.00|12.00|0.00|0.00|0.00|0.00|0.00|0.00|0.00|
|C170|2|PROD007|PARTE SOBRESSALENTE G|15.23|UN|1583.71|6102|00|1514.71|12.00|181.77|0.00|0.00|0.00|0.00|0.00|0.00|
|C170|3|PROD008|CONJUNTO MONTADO H|35.31|UN|29020.70|6102|10|25643.74|12.00|3077.25|0.00|0.00|0.00|0.00|0.00|0.00|
|C170|4|PROD008|CONJUNTO MONTADO H|49.27|UN|61808.01|6102|00|57116.99|12.00|6854.04|0.00|0.00|0.00|0.00|0.00|0.00|
|C100|1|0|12345678000195|55|00|000000092|000|18012024|20012024|31396.96|7320.82|878.50|0.00|0.00|0.00|0.00|0.00|0.00|0.00|0|33366699000100|
|C170|1|PROD002|COMPONENTE ELETRICO B|24.45|UN|1286.09|5403|20|1204.08|12.00|144.49|0.00|0.00|0.00|0.00|0.00|0.00|
|C170|2|PROD008|CONJUNTO MONTADO H|7.14|UN|6583.43|5403|00|6055.93|12.00|726.71|0.00|0.00|0.00|0.00|0.00|0.00|
|C170|3|PROD001|PECA MECANICA TIPO A|26.35|UN|1554.18|5403|50|0.00|12.00|0.00|0.00|0.00|0.00|0.00|0.00|0.00|
|C170|4|PROD004|PRODUTO ACABADO D|28.01|UN|21910.87|5403|41|0.00|12.00|0.00|0.00|0.00|0.00|0.00|0.00|0.00|
|C170|5|PROD006|EMBALAGEM PADRAO F|7.32|UN|62.39|5403|51|60.81|12.00|7.30|0.00|0.00|0.00|0.00|0.00|0.00|
|C100|1|0|12345678000195|55|00|000000093|000|05012024|07012024|6411.71|0.00|0.00|0.00|0.00|0.00|0.00|0.00|0.00|0.00|0|99900011000155|
|C170|1|PROD003|MATERIAL BRUTO C|17.95|UN|6125.17|5102|60|0.00|12.00|0.00|0.00|0.00|0.00|0.00|0.00|0.00|
|C170|2|PROD006|EMBALAGEM PADRAO F|42.45|UN|286.54|5102|40|0.00|12.00|0.00|0.00|0.00|0.00|0.00|0.00|0.00|
|C100|1|0|12345678000195|55|00|000000094|000|09012024|10012024|4281.66|901.63|108.19|0.00|0.00|0.00|0.00|0.00|0.00|0.00|0|99900011000155|
|C170|1|PROD005|INSUMO INDUSTRIAL E|30.00|UN|920.37|6102|00|868.53|12.00|104.22|0.00|0.00|0.00|0.00|0.00|0.00|
|C170|2|PROD001|PECA MECANICA TIPO A|45.20|UN|3327.93|6102|60|0.00|12.00|0.00|0.00|0.00|0.00|0.00|0.00|0.00|
|C170|3|PROD006|EMBALAGEM PADRAO F|3.02|UN|33.36|6102|00|33.10|12.00|3.97|0.00|0.00|0.00|0.00|0.00|0.00|
|C100|1|0|12345678000195|55|00|000000095|000|09012024|10012024|11434.47|8845.95|1061.52|0.00|0.00|0.00|0.00|0.00|0.00|0.00|0|99900011000155|
|C170|1|PROD005|INSUMO INDUSTRIAL E|32.45|UN|751.61|6101|00|729.89|12.00|87.59|0.00|0.00|0.00|0.00|0.00|0.00|
|C170|2|PROD001|PECA MECANICA TIPO A|20.90|UN|1708.49|6101|40|0.00|12.00|0.00|0.00|0.00|0.00|0.00|0.00|0.00|
|C170|3|PROD008|CONJUNTO MONTADO H|8.75|UN|8666.76|6101|20|7809.00|12.00|937.08|0.00|0.00|0.00|0.00|0.00|0.00|
|C170|4|PROD005|INSUMO INDUSTRIAL E|8.04|UN|307.61|6101|10|307.06|12.00|36.85|0.00|0.00|0.00|0.00|0.00|0.00|
|C100|1|0|12345678000195|55|00|000000096|000|13012024|14012024|30745.91|10341.98|1241.04|0.00|0.00|0.00|0.00|0.00|0.00|0.00|0|33366699000100|
|C170|1|PROD005|INSUMO INDUSTRIAL E|5.74|UN|131.19|5401|10|123.62|12.00|14.83|0.00|0.00|0.00|0.00|0.00|0.00|
|C170|2|PROD003|MATERIAL BRUTO C|13.16|UN|4341.82|5401|00|3903.80|12.00|468.46|0.00|0.00|0.00|0.00|0.00|0.00|
|C170|3|PROD004|PRODUTO ACABADO D|29.31|UN|19052.48|5401|41|0.00|12.00|0.00|0.00|0.00|0.00|0.00|0.00|0.00|
|C170|4|PROD003|MATERIAL BRUTO C|25.41|UN|7045.29|5401|20|6314.56|12.00|757.75|0.00|0.00|0.00|0.00|0.00|0.00|
|C170|5|PROD002|COMPONENTE ELETRICO B|2.14|UN|175.13|5401|30|0.00|12.00|0.00|0.00|0.00|0.00|0.00|0.00|0.00|
|C100|1|0|12345678000195|55|00|000000097|000|07012024|09012024|9883.65|0.00|0.00|0.00|0.00|0.00|0.00|0.00|0.00|0.00|0|77788899000177|
|C170|1|PROD003|MATERIAL BRUTO C|30.28|UN|9883.65|5101|40|0.00|12.00|0.00|0.00|0.00|0.00|0.00|0.00|0.00|
|C100|1|0|12345678000195|55|00|000000098|000|18012024|18012024|31100.00|19935.92|2392.32|0.00|0.00|0.00|0.00|0.00|0.00|0.00|0|33366699000100|
|C170|1|PROD002|COMPONENTE ELETRICO B|3.22|UN|105.55|5101|40|0.00|12.00|0.00|0.00|0.00|0.00|0.00|0.00|0.00|
|C170|2|PROD003|MATERIAL BRUTO C|18.76|UN|4565.09|5101|10|4188.71|12.00|502.65|0.00|0.00|0.00|0.00|0.00|0.00|
|C170|3|PROD003|MATERIAL BRUTO C|27.94|UN|9047.94|5101|40|0.00|12.00|0.00|0.00|0.00|0.00|0.00|0.00|0.00|
|C170|4|PROD004|PRODUTO ACABADO D|30.94|UN|17381.42|5101|00|15747.21|12.00|1889.67|0.00|0.00|0.00|0.00|0.00|0.00|
|C100|1|0|12345678000195|55|00|000000099|000|18012024|20012024|30314.12|29781.24|3573.75|0.00|0.00|0.00|0.00|0.00|0.00|0.00|0|33366699000100|
|C170|1|PROD005|INSUMO INDUSTRIAL E|2.97|UN|47.70|5102|40|0.00|12.00|0.00|0.00|0.00|0.00|0.00|0.00|0.00|
|C170|2|PROD004|PRODUTO ACABADO D|40.39|UN|30266.42|5102|00|29781.24|12.00|3573.75|0.00|0.00|0.00|0.00|0.00|0.00|
|C100|1|0|12345678000195|55|00|000000100|000|11012024|13012024|69949.20|10366.22|1243.95|0.00|0.00|0.00|0.00|0.00|0.00|0.00|0|77788899000177|
|C170|1|PROD008|CONJUNTO MONTADO H|41.59|UN|44606.81|5102|40|0.00|12.00|0.00|0.00|0.00|0.00|0.00|0.00|0.00|
|C170|2|PROD006|EMBALAGEM PADRAO F|15.69|UN|168.04|5102|10|159.82|12.00|19.18|0.00|0.00|0.00|0.00|0.00|0.00|
|C170|3|PROD003|MATERIAL BRUTO C|49.02|UN|14094.75|5102|41|0.00|12.00|0.00|0.00|0.00|0.00|0.00|0.00|0.00|
|C170|4|PROD003|MATERIAL BRUTO C|36.54|UN|11079.60|5102|00|10206.40|12.00|1224.77|0.00|0.00|0.00|0.00|0.00|0.00|
|C100|1|0|12345678000195|55|00|000000101|000|19012024|20012024|299.17|0.00|0.00|0.00|0.00|0.00|0.00|0.00|0.00|0.00|0|99900011000155|
|C170|1|PROD005|INSUMO INDUSTRIAL E|9.36|UN|299.17|6102|40|0.00|12.00|0.00|0.00|0.00|0.00|0.00|0.00|0.00|
|C100|1|0|12345678000195|55|00|000000102|000|05012024|06012024|51312.85|10541.81|1265.02|0.00|0.00|0.00|0.00|0.00|0.00|0.00|0|22244466000133|
|C170|1|PROD008|CONJUNTO MONTADO H|34.84|UN|34391.20|5101|41|0.00|12.00|0.00|0.00|0.00|0.00|0.00|0.00|0.00|
|C170|2|PROD001|PECA MECANICA TIPO A|46.11|UN|5122.38|5101|40|0.00|12.00|0.00|0.00|0.00|0.00|0.00|0.00|0.00|
|C170|3|PROD001|PECA MECANICA TIPO A|4.05|UN|241.78|5101|00|217.30|12.00|26.08|0.00|0.00|0.00|0.00|0.00|0.00|
|C170|4|PROD003|MATERIAL BRUTO C|33.45|UN|9326.25|5101|10|8169.58|12.00|980.35|0.00|0.00|0.00|0.00|0.00|0.00|
|C170|5|PROD002|COMPONENTE ELETRICO B|45.69|UN|2231.24|5101|10|2154.93|12.00|258.59|0.00|0.00|0.00|0.00|0.00|0.00|
|C100|1|0|12345678000195|55|00|000000103|000|20012024|23012024|27158.99|9946.04|1193.52|0.00|0.00|0.00|0.00|0.00|0.00|0.00|0|33366699000100|
|C170|1|PROD003|MATERIAL BRUTO C|47.13|UN|16371.18|5102|41|0.00|12.00|0.00|0.00|0.00|0.00|0.00|0.00|0.00|
|C170|2|PROD003|MATERIAL BRUTO C|35.54|UN|10787.81|5102|20|9946.04|12.00|1193.52|0.00|0.00|0.00|0.00|0.00|0.00|
|C100|1|0|12345678000195|55|00|000000104|000|30012024|01022024|1082.27|975.96|117.12|0.00|0.00|0.00|0.00|0.00|0.00|0.00|0|99900011000155|
|C170|1|PROD005|INSUMO INDUSTRIAL E|27.62|UN|1082.27|5401|10|975.96|12.00|117.12|0.00|0.00|0.00|0.00|0.00|0.00|
|C100|1|0|12345678000195|55|00|000000105|000|10012024|10012024|5407.55|4760.32|571.24|0.00|0.00|0.00|0.00|0.00|0.00|0.00|0|77788899000177|
|C170|1|PROD003|MATERIAL BRUTO C|22.68|UN|5407.55|5401|20|4760.32|12.00|571.24|0.00|0.00|0.00|0.00|0.00|0.00|
|C100|1|0|12345678000195|55|00|000000106|000|09012024|11012024|641.22|0.00|0.00|0.00|0.00|0.00|0.00|0.00|0.00|0.00|0|99900011000155|
|C170|1|PROD005|INSUMO INDUSTRIAL E|29.75|UN|641.22|5102|40|0.00|12.00|0.00|0.00|0.00|0.00|0.00|0.00|0.00|
|C100|1|0|12345678000195|55|00|000000107|000|08012024|09012024|19820.15|0.00|0.00|0.00|0.00|0.00|0.00|0.00|0.00|0.00|0|99900011000155|
|C170|1|PROD004|PRODUTO ACABADO D|36.15|UN|19820.15|5101|41|0.00|12.00|0.00|0.00|0.00|0.00|0.00|0.00|0.00|
|C100|1|0|12345678000195|55|00|000000108|000|31012024|01022024|73331.61|31556.69|3786.80|0.00|0.00|0.00|0.00|0.00|0.00|0.00|0|55512312300010|
|C170|1|PROD004|PRODUTO ACABADO D|32.65|UN|30553.26|5403|00|28601.52|12.00|3432.18|0.00|0.00|0.00|0.00|0.00|0.00|
|C170|2|PROD002|COMPONENTE ELETRICO B|27.22|UN|1899.28|5403|70|0.00|12.00|0.00|0.00|0.00|0.00|0.00|0.00|0.00|
|C170|3|PROD008|CONJUNTO MONTADO H|45.75|UN|37630.02|5403|60|0.00|12.00|0.00|0.00|0.00|0.00|0.00|0.00|0.00|
|C170|4|PROD003|MATERIAL BRUTO C|9.61|UN|3249.05|5403|90|2955.17|12.00|354.62|0.00|0.00|0.00|0.00|0.00|0.00|
|C100|1|0|12345678000195|55|00|000000109|000|06012024|08012024|10359.95|9512.01|1141.44|0.00|0.00|0.00|0.00|0.00|0.00|0.00|0|22244466000133|
|C170|1|PROD003|MATERIAL BRUTO C|30.54|UN|10359.95|5101|10|9512.01|12.00|1141.44|0.00|0.00|0.00|0.00|0.00|0.00|
|C100|1|0|12345678000195|55|00|000000110|000|17012024|20012024|19636.08|7364.27|883.71|0.00|0.00|0.00|0.00|0.00|0.00|0.00|0|99900011000155|
|C170|1|PROD004|PRODUTO ACABADO D|13.61|UN|8019.10|5102|40|0.00|12.00|0.00|0.00|0.00|0.00|0.00|0.00|0.00|
|C170|2|PROD002|COMPONENTE ELETRICO B|39.75|UN|2433.77|5102|41|0.00|12.00|0.00|0.00|0.00|0.00|0.00|0.00|0.00|
|C170|3|PROD001|PECA MECANICA TIPO A|9.60|UN|1055.22|5102|60|0.00|12.00|0.00|0.00|0.00|0.00|0.00|0.00|0.00|
|C170|4|PROD002|COMPONENTE ELETRICO B|41.52|UN|2422.45|5102|00|2302.27|12.00|276.27|0.00|0.00|0.00|0.00|0.00|0.00|
|C170|5|PROD004|PRODUTO ACABADO D|10.05|UN|5705.54|5102|10|5062.00|12.00|607.44|0.00|0.00|0.00|0.00|0.00|0.00|
|C100|1|0|12345678000195|55|00|000000111|000|13012024|14012024|2975.10|801.97|96.24|0.00|0.00|0.00|0.00|0.00|0.00|0.00|0|33366699000100|
|C170|1|PROD008|CONJUNTO MONTADO H|1.56|UN|1805.82|5403|40|0.00|12.00|0.00|0.00|0.00|0.00|0.00|0.00|0.00|
|C170|2|PROD003|MATERIAL BRUTO C|4.04|UN|880.50|5403|10|801.97|12.00|96.24|0.00|0.00|0.00|0.00|0.00|0.00|
|C170|3|PROD006|EMBALAGEM PADRAO F|25.62|UN|288.78|5403|40|0.00|12.00|0.00|0.00|0.00|0.00|0.00|0.00|0.00|
|C100|1|0|12345678000195|55|00|000000112|000|23012024|23012024|60889.92|5937.87|712.54|0.00|0.00|0.00|0.00|0.00|0.00|0.00|0|33366699000100|
|C170|1|PROD003|MATERIAL BRUTO C|24.43|UN|6553.62|6102|90|5937.87|12.00|712.54|0.00|0.00|0.00|0.00|0.00|0.00|
|C170|2|PROD002|COMPONENTE ELETRICO B|35.40|UN|2838.68|6102|41|0.00|12.00|0.00|0.00|0.00|0.00|0.00|0.00|0.00|
|C170|3|PROD008|CONJUNTO MONTADO H|40.30|UN|51497.62|6102|41|0.00|12.00|0.00|0.00|0.00|0.00|0.00|0.00|0.00|
|C100|1|0|12345678000195|55|00|000000113|000|28012024|28012024|43495.65|5478.36|657.40|0.00|0.00|0.00|0.00|0.00|0.00|0.00|0|99900011000155|
|C170|1|PROD005|INSUMO INDUSTRIAL E|41.61|UN|1638.60|6101|00|1524.72|12.00|182.97|0.00|0.00|0.00|0.00|0.00|0.00|
|C170|2|PROD003|MATERIAL BRUTO C|9.06|UN|2973.88|6101|20|2831.27|12.00|339.75|0.00|0.00|0.00|0.00|0.00|0.00|
|C170|3|PROD008|CONJUNTO MONTADO H|36.13|UN|37652.92|6101|60|0.00|12.00|0.00|0.00|0.00|0.00|0.00|0.00|0.00|
|C170|4|PROD001|PECA MECANICA TIPO A|22.83|UN|1230.25|6101|00|1122.37|12.00|134.68|0.00|0.00|0.00|0.00|0.00|0.00|
|C100|1|0|12345678000195|55|00|000000114|000|02012024|05012024|5047.56|924.15|110.89|0.00|0.00|0.00|0.00|0.00|0.00|0.00|0|99900011000155|
|C170|1|PROD006|EMBALAGEM PADRAO F|37.54|UN|339.77|6102|00|306.36|12.00|36.76|0.00|0.00|0.00|0.00|0.00|0.00|
|C170|2|PROD004|PRODUTO ACABADO D|4.12|UN|4029.89|6102|70|0.00|12.00|0.00|0.00|0.00|0.00|0.00|0.00|0.00|
|C170|3|PROD007|PARTE SOBRESSALENTE G|4.38|UN|677.90|6102|00|617.79|12.00|74.13|0.00|0.00|0.00|0.00|0.00|0.00|
|C100|1|0|12345678000195|55|00|000000115|000|25012024|28012024|102007.20|51703.51|6204.42|0.00|0.00|0.00|0.00|0.00|0.00|0.00|0|77788899000177|
|C170|1|PROD004|PRODUTO ACABADO D|48.24|UN|44373.43|5401|00|43443.50|12.00|5213.22|0.00|0.00|0.00|0.00|0.00|0.00|
|C170|2|PROD008|CONJUNTO MONTADO H|6.81|UN|9504.07|5401|10|8260.01|12.00|991.20|0.00|0.00|0.00|0.00|0.00|0.00|
|C170|3|PROD004|PRODUTO ACABADO D|48.96|UN|44096.06|5401|41|0.00|12.00|0.00|0.00|0.00|0.00|0.00|0.00|0.00|
|C170|4|PROD001|PECA MECANICA TIPO A|48.95|UN|4033.64|5401|40|0.00|12.00|0.00|0.00|0.00|0.00|0.00|0.00|0.00|
|C100|1|0|12345678000195|55|00|000000116|000|18012024|21012024|9589.15|0.00|0.00|0.00|0.00|0.00|0.00|0.00|0.00|0.00|0|22244466000133|
|C170|1|PROD004|PRODUTO ACABADO D|10.24|UN|9418.14|5102|41|0.00|12.00|0.00|0.00|0.00|0.00|0.00|0.00|0.00|
|C170|2|PROD002|COMPONENTE ELETRICO B|2.58|UN|171.01|5102|40|0.00|12.00|0.00|0.00|0.00|0.00|0.00|0.00|0.00|
|C100|1|0|12345678000195|55|00|000000117|000|08012024|09012024|758.11|672.22|80.67|0.00|0.00|0.00|0.00|0.00|0.00|0.00|0|55512312300010|
|C170|1|PROD005|INSUMO INDUSTRIAL E|22.88|UN|758.11|5101|51|672.22|12.00|80.67|0.00|0.00|0.00|0.00|0.00|0.00|
|C100|1|0|12345678000195|55|00|000000118|000|13012024|16012024|18852.46|16035.86|1924.30|0.00|0.00|0.00|0.00|0.00|0.00|0.00|0|55512312300010|
|C170|1|PROD002|COMPONENTE ELETRICO B|40.97|UN|2877.60|5102|10|2704.05|12.00|324.49|0.00|0.00|0.00|0.00|0.00|0.00|
|C170|2|PROD007|PARTE SOBRESSALENTE G|33.95|UN|3587.24|5102|10|3126.24|12.00|375.15|0.00|0.00|0.00|0.00|0.00|0.00|
|C170|3|PROD001|PECA MECANICA TIPO A|33.35|UN|2183.42|5102|10|1875.87|12.00|225.10|0.00|0.00|0.00|0.00|0.00|0.00|
|C170|4|PROD005|INSUMO INDUSTRIAL E|47.48|UN|1839.73|5102|60|0.00|12.00|0.00|0.00|0.00|0.00|0.00|0.00|0.00|
|C170|5|PROD003|MATERIAL BRUTO C|31.67|UN|8364.47|5102|20|8329.70|12.00|999.56|0.00|0.00|0.00|0.00|0.00|0.00|
|C100|1|0|12345678000195|55|00|000000119|000|26012024|28012024|14248.55|12667.94|1520.15|0.00|0.00|0.00|0.00|0.00|0.00|0.00|0|22244466000133|
|C170|1|PROD004|PRODUTO ACABADO D|12.81|UN|7788.83|6102|51|6789.16|12.00|814.70|0.00|0.00|0.00|0.00|0.00|0.00|
|C170|2|PROD003|MATERIAL BRUTO C|23.69|UN|4942.26|6102|20|4509.69|12.00|541.16|0.00|0.00|0.00|0.00|0.00|0.00|
|C170|3|PROD002|COMPONENTE ELETRICO B|26.97|UN|1385.18|6102|00|1246.02|12.00|149.52|0.00|0.00|0.00|0.00|0.00|0.00|
|C170|4|PROD005|INSUMO INDUSTRIAL E|4.87|UN|132.28|6102|10|123.07|12.00|14.77|0.00|0.00|0.00|0.00|0.00|0.00|
|C100|1|0|12345678000195|55|00|000000120|000|02012024|04012024|8384.89|4236.42|508.36|0.00|0.00|0.00|0.00|0.00|0.00|0.00|0|77788899000177|
|C170|1|PROD005|INSUMO INDUSTRIAL E|28.38|UN|793.05|5403|51|713.70|12.00|85.64|0.00|0.00|0.00|0.00|0.00|0.00|
|C170|2|PROD007|PARTE SOBRESSALENTE G|47.89|UN|3890.43|5403|70|0.00|12.00|0.00|0.00|0.00|0.00|0.00|0.00|0.00|
|C170|3|PROD002|COMPONENTE ELETRICO B|48.14|UN|1754.78|5403|90|1617.62|12.00|194.11|0.00|0.00|0.00|0.00|0.00|0.00|
|C170|4|PROD007|PARTE SOBRESSALENTE G|12.89|UN|1654.05|5403|00|1632.99|12.00|195.96|0.00|0.00|0.00|0.00|0.00|0.00|
|C170|5|PROD006|EMBALAGEM PADRAO F|28.05|UN|292.58|5403|10|272.11|12.00|32.65|0.00|0.00|0.00|0.00|0.00|0.00|
|C100|1|0|12345678000195|55|00|000000121|000|10012024|12012024|60387.20|50336.96|6040.44|0.00|0.00|0.00|0.00|0.00|0.00|0.00|0|33366699000100|
|C170|1|PROD008|CONJUNTO MONTADO H|16.69|UN|14056.99|5401|10|12044.83|12.00|1445.38|0.00|0.00|0.00|0.00|0.00|0.00|
|C170|2|PROD004|PRODUTO ACABADO D|43.34|UN|37090.37|5401|00|34605.19|12.00|4152.62|0.00|0.00|0.00|0.00|0.00|0.00|
|C170|3|PROD007|PARTE SOBRESSALENTE G|29.62|UN|4075.44|5401|00|3584.06|12.00|430.09|0.00|0.00|0.00|0.00|0.00|0.00|
|C170|4|PROD006|EMBALAGEM PADRAO F|12.27|UN|110.32|5401|00|102.88|12.00|12.35|0.00|0.00|0.00|0.00|0.00|0.00|
|C170|5|PROD007|PARTE SOBRESSALENTE G|47.23|UN|5054.08|5401|41|0.00|12.00|0.00|0.00|0.00|0.00|0.00|0.00|0.00|
|C100|1|0|12345678000195|55|00|000000122|000|31012024|03022024|17086.03|68.24|8.19|0.00|0.00|0.00|0.00|0.00|0.00|0.00|0|22244466000133|
|C170|1|PROD006|EMBALAGEM PADRAO F|7.86|UN|69.39|5403|00|68.24|12.00|8.19|0.00|0.00|0.00|0.00|0.00|0.00|
|C170|2|PROD003|MATERIAL BRUTO C|49.53|UN|17016.64|5403|30|0.00|12.00|0.00|0.00|0.00|0.00|0.00|0.00|0.00|
|C100|1|0|12345678000195|55|00|000000123|000|31012024|31012024|3496.43|2744.38|329.33|0.00|0.00|0.00|0.00|0.00|0.00|0.00|0|55512312300010|
|C170|1|PROD002|COMPONENTE ELETRICO B|11.72|UN|645.37|5101|00|610.30|12.00|73.24|0.00|0.00|0.00|0.00|0.00|0.00|
|C170|2|PROD006|EMBALAGEM PADRAO F|46.76|UN|532.61|5101|40|0.00|12.00|0.00|0.00|0.00|0.00|0.00|0.00|0.00|
|C170|3|PROD001|PECA MECANICA TIPO A|1.77|UN|154.52|5101|20|131.73|12.00|15.81|0.00|0.00|0.00|0.00|0.00|0.00|
|C170|4|PROD002|COMPONENTE ELETRICO B|36.39|UN|2163.93|5101|00|2002.35|12.00|240.28|0.00|0.00|0.00|0.00|0.00|0.00|
|C100|1|0|12345678000195|55|00|000000124|000|26012024|27012024|406.37|367.02|44.04|0.00|0.00|0.00|0.00|0.00|0.00|0.00|0|22244466000133|
|C170|1|PROD005|INSUMO INDUSTRIAL E|12.81|UN|406.37|5101|00|367.02|12.00|44.04|0.00|0.00|0.00|0.00|0.00|0.00|
|C100|1|0|12345678000195|55|00|000000125|000|03012024|05012024|7126.38|1444.86|173.38|0.00|0.00|0.00|0.00|0.00|0.00|0.00|0|22244466000133|
|C170|1|PROD005|INSUMO INDUSTRIAL E|42.55|UN|1389.09|5403|51|1339.00|12.00|160.68|0.00|0.00|0.00|0.00|0.00|0.00|
|C170|2|PROD008|CONJUNTO MONTADO H|5.58|UN|5389.31|5403|40|0.00|12.00|0.00|0.00|0.00|0.00|0.00|0.00|0.00|
|C170|3|PROD002|COMPONENTE ELETRICO B|3.75|UN|114.45|5403|00|105.86|12.00|12.70|0.00|0.00|0.00|0.00|0.00|0.00|
|C170|4|PROD006|EMBALAGEM PADRAO F|22.26|UN|233.53|5403|40|0.00|12.00|0.00|0.00|0.00|0.00|0.00|0.00|0.00|
|C100|1|0|12345678000195|55|00|000000126|000|29012024|29012024|25840.84|0.00|0.00|0.00|0.00|0.00|0.00|0.00|0.00|0.00|0|55512312300010|
|C170|1|PROD008|CONJUNTO MONTADO H|28.77|UN|25600.46|5102|60|0.00|12.00|0.00|0.00|0.00|0.00|0.00|0.00|0.00|
|C170|2|PROD006|EMBALAGEM PADRAO F|34.54|UN|240.38|5102|30|0.00|12.00|0.00|0.00|0.00|0.00|0.00|0.00|0.00|
|C100|1|0|12345678000195|55|00|000000127|000|06012024|08012024|2801.18|2655.85|318.70|0.00|0.00|0.00|0.00|0.00|0.00|0.00|0|55512312300010|
|C170|1|PROD005|INSUMO INDUSTRIAL E|35.92|UN|925.02|5101|00|808.81|12.00|97.06|0.00|0.00|0.00|0.00|0.00|0.00|
|C170|2|PROD007|PARTE SOBRESSALENTE G|12.78|UN|1876.16|5101|10|1847.04|12.00|221.64|0.00|0.00|0.00|0.00|0.00|0.00|
|C100|1|0|12345678000195|55|00|000000128|000|13012024|14012024|801.81|782.41|93.89|0.00|0.00|0.00|0.00|0.00|0.00|0.00|0|33366699000100|
|C170|1|PROD005|INSUMO INDUSTRIAL E|48.74|UN|801.81|6102|20|782.41|12.00|93.89|0.00|0.00|0.00|0.00|0.00|0.00|
|C100|1|0|12345678000195|55|00|000000129|000|20012024|23012024|321.06|299.53|35.94|0.00|0.00|0.00|0.00|0.00|0.00|0.00|0|33366699000100|
|C170|1|PROD006|EMBALAGEM PADRAO F|39.39|UN|321.06|5401|00|299.53|12.00|35.94|0.00|0.00|0.00|0.00|0.00|0.00|
|C100|1|0|12345678000195|55|00|000000130|000|14012024|15012024|4143.47|3610.09|433.22|0.00|0.00|0.00|0.00|0.00|0.00|0.00|0|22244466000133|
|C170|1|PROD006|EMBALAGEM PADRAO F|5.02|UN|30.52|6102|40|0.00|12.00|0.00|0.00|0.00|0.00|0.00|0.00|0.00|
|C170|2|PROD001|PECA MECANICA TIPO A|32.06|UN|3263.17|6102|10|2825.85|12.00|339.10|0.00|0.00|0.00|0.00|0.00|0.00|
|C170|3|PROD005|INSUMO INDUSTRIAL E|1.25|UN|29.27|6102|10|26.06|12.00|3.13|0.00|0.00|0.00|0.00|0.00|0.00|
|C170|4|PROD007|PARTE SOBRESSALENTE G|7.49|UN|711.76|6102|20|664.22|12.00|79.71|0.00|0.00|0.00|0.00|0.00|0.00|
|C170|5|PROD006|EMBALAGEM PADRAO F|20.99|UN|108.75|6102|10|93.96|12.00|11.28|0.00|0.00|0.00|0.00|0.00|0.00|
|C100|1|0|12345678000195|55|00|000000131|000|26012024|28012024|4254.43|0.00|0.00|0.00|0.00|0.00|0.00|0.00|0.00|0.00|0|99900011000155|
|C170|1|PROD003|MATERIAL BRUTO C|20.00|UN|4254.43|5403|60|0.00|12.00|0.00|0.00|0.00|0.00|0.00|0.00|0.00|
|C100|1|0|12345678000195|55|00|000000132|000|19012024|20012024|14269.54|6840.88|820.91|0.00|0.00|0.00|0.00|0.00|0.00|0.00|0|77788899000177|
|C170|1|PROD002|COMPONENTE ELETRICO B|9.19|UN|415.34|6102|00|401.80|12.00|48.22|0.00|0.00|0.00|0.00|0.00|0.00|
|C170|2|PROD003|MATERIAL BRUTO C|18.70|UN|6386.77|6102|40|0.00|12.00|0.00|0.00|0.00|0.00|0.00|0.00|0.00|
|C170|3|PROD003|MATERIAL BRUTO C|25.29|UN|7398.49|6102|20|6439.08|12.00|772.69|0.00|0.00|0.00|0.00|0.00|0.00|
|C170|4|PROD002|COMPONENTE ELETRICO B|1.33|UN|68.94|6102|50|0.00|12.00|0.00|0.00|0.00|0.00|0.00|0.00|0.00|
|C100|1|0|12345678000195|55|00|000000133|000|26012024|28012024|23724.90|3774.82|452.98|0.00|0.00|0.00|0.00|0.00|0.00|0.00|0|22244466000133|
|C170|1|PROD004|PRODUTO ACABADO D|30.12|UN|19406.83|5403|40|0.00|12.00|0.00|0.00|0.00|0.00|0.00|0.00|0.00|
|C170|2|PROD007|PARTE SOBRESSALENTE G|35.07|UN|4149.36|5403|00|3774.82|12.00|452.98|0.00|0.00|0.00|0.00|0.00|0.00|
|C170|3|PROD006|EMBALAGEM PADRAO F|16.64|UN|168.71|5403|40|0.00|12.00|0.00|0.00|0.00|0.00|0.00|0.00|0.00|
|C100|1|0|12345678000195|55|00|000000134|000|26012024|27012024|13372.88|3640.60|436.87|0.00|0.00|0.00|0.00|0.00|0.00|0.00|0|99900011000155|
|C170|1|PROD003|MATERIAL BRUTO C|10.79|UN|3772.08|5401|00|3640.60|12.00|436.87|0.00|0.00|0.00|0.00|0.00|0.00|
|C170|2|PROD007|PARTE SOBRESSALENTE G|2.32|UN|320.44|5401|70|0.00|12.00|0.00|0.00|0.00|0.00|0.00|0.00|0.00|
|C170|3|PROD003|MATERIAL BRUTO C|11.27|UN|3603.41|5401|50|0.00|12.00|0.00|0.00|0.00|0.00|0.00|0.00|0.00|
|C170|4|PROD008|CONJUNTO MONTADO H|4.39|UN|5676.95|5401|41|0.00|12.00|0.00|0.00|0.00|0.00|0.00|0.00|0.00|
|C100|1|0|12345678000195|55|00|000000135|000|05012024|07012024|4310.15|3947.69|473.72|0.00|0.00|0.00|0.00|0.00|0.00|0.00|0|22244466000133|
|C170|1|PROD006|EMBALAGEM PADRAO F|4.62|UN|55.16|5102|20|50.20|12.00|6.02|0.00|0.00|0.00|0.00|0.00|0.00|
|C170|2|PROD006|EMBALAGEM PADRAO F|25.82|UN|295.43|5102|40|0.00|12.00|0.00|0.00|0.00|0.00|0.00|0.00|0.00|
|C170|3|PROD007|PARTE SOBRESSALENTE G|27.64|UN|3959.56|5102|10|3897.49|12.00|467.70|0.00|0.00|0.00|0.00|0.00|0.00|
|C100|1|0|12345678000195|55|00|000000136|000|20012024|20012024|6613.44|6054.88|726.59|0.00|0.00|0.00|0.00|0.00|0.00|0.00|0|99900011000155|
|C170|1|PROD006|EMBALAGEM PADRAO F|32.70|UN|173.65|5101|90|165.25|12.00|19.83|0.00|0.00|0.00|0.00|0.00|0.00|
|C170|2|PROD003|MATERIAL BRUTO C|20.58|UN|6439.79|5101|90|5889.63|12.00|706.76|0.00|0.00|0.00|0.00|0.00|0.00|
|C100|1|0|12345678000195|55|00|000000137|000|04012024|06012024|9342.57|8478.37|1017.41|0.00|0.00|0.00|0.00|0.00|0.00|0.00|0|55512312300010|
|C170|1|PROD006|EMBALAGEM PADRAO F|23.69|UN|231.21|5102|40|0.00|12.00|0.00|0.00|0.00|0.00|0.00|0.00|0.00|
|C170|2|PROD005|INSUMO INDUSTRIAL E|8.39|UN|351.75|5102|20|314.58|12.00|37.75|0.00|0.00|0.00|0.00|0.00|0.00|
|C170|3|PROD006|EMBALAGEM PADRAO F|46.11|UN|258.20|5102|50|0.00|12.00|0.00|0.00|0.00|0.00|0.00|0.00|0.00|
|C170|4|PROD002|COMPONENTE ELETRICO B|36.78|UN|1807.96|5102|10|1749.46|12.00|209.94|0.00|0.00|0.00|0.00|0.00|0.00|
|C170|5|PROD003|MATERIAL BRUTO C|26.54|UN|6693.45|5102|00|6414.33|12.00|769.72|0.00|0.00|0.00|0.00|0.00|0.00|
|C100|1|0|12345678000195|55|00|000000138|000|11012024|11012024|982.11|0.00|0.00|0.00|0.00|0.00|0.00|0.00|0.00|0.00|0|22244466000133|
|C170|1|PROD007|PARTE SOBRESSALENTE G|6.64|UN|982.11|5401|40|0.00|12.00|0.00|0.00|0.00|0.00|0.00|0.00|0.00|
|C100|1|0|12345678000195|55|00|000000139|000|30012024|31012024|7863.94|0.00|0.00|0.00|0.00|0.00|0.00|0.00|0.00|0.00|0|77788899000177|
|C170|1|PROD005|INSUMO INDUSTRIAL E|21.89|UN|601.59|6101|41|0.00|12.00|0.00|0.00|0.00|0.00|0.00|0.00|0.00|
|C170|2|PROD003|MATERIAL BRUTO C|31.86|UN|7262.35|6101|40|0.00|12.00|0.00|0.00|0.00|0.00|0.00|0.00|0.00|
|C100|1|0|12345678000195|55|00|000000140|000|01012024|02012024|40414.87|8203.73|984.44|0.00|0.00|0.00|0.00|0.00|0.00|0.00|0|22244466000133|
|C170|1|PROD004|PRODUTO ACABADO D|40.00|UN|31088.31|5403|41|0.00|12.00|0.00|0.00|0.00|0.00|0.00|0.00|0.00|
|C170|2|PROD001|PECA MECANICA TIPO A|27.31|UN|2064.76|5403|00|1790.34|12.00|214.84|0.00|0.00|0.00|0.00|0.00|0.00|
|C170|3|PROD002|COMPONENTE ELETRICO B|33.86|UN|1927.54|5403|90|1729.02|12.00|207.48|0.00|0.00|0.00|0.00|0.00|0.00|
|C170|4|PROD003|MATERIAL BRUTO C|20.04|UN|5188.73|5403|00|4684.37|12.00|562.12|0.00|0.00|0.00|0.00|0.00|0.00|
|C170|5|PROD006|EMBALAGEM PADRAO F|23.43|UN|145.53|5403|40|0.00|12.00|0.00|0.00|0.00|0.00|0.00|0.00|0.00|
|C100|1|0|12345678000195|55|00|000000141|000|30012024|30012024|3585.04|3283.61|394.03|0.00|0.00|0.00|0.00|0.00|0.00|0.00|0|33366699000100|
|C170|1|PROD003|MATERIAL BRUTO C|6.73|UN|1722.88|6102|00|1564.84|12.00|187.78|0.00|0.00|0.00|0.00|0.00|0.00|
|C170|2|PROD002|COMPONENTE ELETRICO B|30.23|UN|1862.16|6102|20|1718.77|12.00|206.25|0.00|0.00|0.00|0.00|0.00|0.00|
|C100|1|0|12345678000195|55|00|000000142|000|23012024|24012024|11815.44|10629.62|1275.55|0.00|0.00|0.00|0.00|0.00|0.00|0.00|0|99900011000155|
|C170|1|PROD004|PRODUTO ACABADO D|16.41|UN|11760.30|6101|00|10629.62|12.00|1275.55|0.00|0.00|0.00|0.00|0.00|0.00|
|C170|2|PROD002|COMPONENTE ELETRICO B|1.47|UN|55.14|6101|50|0.00|12.00|0.00|0.00|0.00|0.00|0.00|0.00|0.00|
|C100|1|0|12345678000195|55|00|000000143|000|17012024|20012024|38356.58|33999.22|4079.91|0.00|0.00|0.00|0.00|0.00|0.00|0.00|0|99900011000155|
|C170|1|PROD004|PRODUTO ACABADO D|2.51|UN|2173.66|5403|00|1937.23|12.00|232.47|0.00|0.00|0.00|0.00|0.00|0.00|
|C170|2|PROD007|PARTE SOBRESSALENTE G|27.34|UN|2555.48|5403|20|2456.78|12.00|294.81|0.00|0.00|0.00|0.00|0.00|0.00|
|C170|3|PROD004|PRODUTO ACABADO D|38.53|UN|29431.91|5403|00|25521.32|12.00|3062.56|0.00|0.00|0.00|0.00|0.00|0.00|
|C170|4|PROD001|PECA MECANICA TIPO A|38.98|UN|4195.53|5403|10|4083.89|12.00|490.07|0.00|0.00|0.00|0.00|0.00|0.00|
|C100|1|0|12345678000195|55|00|000000144|000|25012024|28012024|52802.55|51083.33|6130.00|0.00|0.00|0.00|0.00|0.00|0.00|0.00|0|55512312300010|
|C170|1|PROD008|CONJUNTO MONTADO H|41.67|UN|51088.60|6101|00|51083.33|12.00|6130.00|0.00|0.00|0.00|0.00|0.00|0.00|
|C170|2|PROD001|PECA MECANICA TIPO A|23.04|UN|1713.95|6101|50|0.00|12.00|0.00|0.00|0.00|0.00|0.00|0.00|0.00|
|C100|1|0|12345678000195|55|00|000000145|000|28012024|28012024|2659.59|150.96|18.12|0.00|0.00|0.00|0.00|0.00|0.00|0.00|0|22244466000133|
|C170|1|PROD007|PARTE SOBRESSALENTE G|18.18|UN|2488.25|5102|40|0.00|12.00|0.00|0.00|0.00|0.00|0.00|0.00|0.00|
|C170|2|PROD005|INSUMO INDUSTRIAL E|9.13|UN|171.34|5102|00|150.96|12.00|18.12|0.00|0.00|0.00|0.00|0.00|0.00|
|C100|1|0|12345678000195|55|00|000000146|000|19012024|21012024|11915.31|8043.05|965.17|0.00|0.00|0.00|0.00|0.00|0.00|0.00|0|55512312300010|
|C170|1|PROD005|INSUMO INDUSTRIAL E|15.34|UN|467.23|6101|70|0.00|12.00|0.00|0.00|0.00|0.00|0.00|0.00|0.00|
|C170|2|PROD002|COMPONENTE ELETRICO B|26.21|UN|2083.64|6101|50|0.00|12.00|0.00|0.00|0.00|0.00|0.00|0.00|0.00|
|C170|3|PROD008|CONJUNTO MONTADO H|7.64|UN|9364.44|6101|20|8043.05|12.00|965.17|0.00|0.00|0.00|0.00|0.00|0.00|
|C100|1|0|12345678000195|55|00|000000147|000|28012024|29012024|3215.77|206.01|24.72|0.00|0.00|0.00|0.00|0.00|0.00|0.00|0|33366699000100|
|C170|1|PROD002|COMPONENTE ELETRICO B|41.60|UN|2989.92|6102|40|0.00|12.00|0.00|0.00|0.00|0.00|0.00|0.00|0.00|
|C170|2|PROD006|EMBALAGEM PADRAO F|24.98|UN|225.85|6102|00|206.01|12.00|24.72|0.00|0.00|0.00|0.00|0.00|0.00|
|C100|1|0|12345678000195|55|00|000000148|000|03012024|03012024|82233.60|15409.75|1849.17|0.00|0.00|0.00|0.00|0.00|0.00|0.00|0|22244466000133|
|C170|1|PROD006|EMBALAGEM PADRAO F|29.52|UN|327.04|5403|50|0.00|12.00|0.00|0.00|0.00|0.00|0.00|0.00|0.00|
|C170|2|PROD006|EMBALAGEM PADRAO F|5.56|UN|65.71|5403|40|0.00|12.00|0.00|0.00|0.00|0.00|0.00|0.00|0.00|
|C170|3|PROD008|CONJUNTO MONTADO H|35.17|UN|45543.73|5403|41|0.00|12.00|0.00|0.00|0.00|0.00|0.00|0.00|0.00|
|C170|4|PROD004|PRODUTO ACABADO D|20.49|UN|19764.77|5403|50|0.00|12.00|0.00|0.00|0.00|0.00|0.00|0.00|0.00|
|C170|5|PROD004|PRODUTO ACABADO D|25.24|UN|16532.35|5403|00|15409.75|12.00|1849.17|0.00|0.00|0.00|0.00|0.00|0.00|
|C100|1|0|12345678000195|55|00|000000149|000|19012024|22012024|3439.82|3403.41|408.41|0.00|0.00|0.00|0.00|0.00|0.00|0.00|0|77788899000177|
|C170|1|PROD001|PECA MECANICA TIPO A|31.68|UN|3439.82|5401|00|3403.41|12.00|408.41|0.00|0.00|0.00|0.00|0.00|0.00|
|C100|1|0|12345678000195|55|00|000000150|000|15012024|18012024|1407.04|1128.27|135.39|0.00|0.00|0.00|0.00|0.00|0.00|0.00|0|77788899000177|
|C170|1|PROD002|COMPONENTE ELETRICO B|8.79|UN|714.63|5101|00|677.60|12.00|81.31|0.00|0.00|0.00|0.00|0.00|0.00|
|C170|2|PROD006|EMBALAGEM PADRAO F|13.27|UN|100.84|5101|60|0.00|12.00|0.00|0.00|0.00|0.00|0.00|0.00|0.00|
|C170|3|PROD002|COMPONENTE ELETRICO B|9.11|UN|471.95|5101|10|450.67|12.00|54.08|0.00|0.00|0.00|0.00|0.00|0.00|
|C170|4|PROD006|EMBALAGEM PADRAO F|12.47|UN|119.62|5101|40|0.00|12.00|0.00|0.00|0.00|0.00|0.00|0.00|0.00|
|C100|1|0|12345678000195|55|00|000000151|000|07012024|10012024|1803.26|1589.06|190.69|0.00|0.00|0.00|0.00|0.00|0.00|0.00|0|55512312300010|
|C170|1|PROD005|INSUMO INDUSTRIAL E|22.81|UN|347.14|5101|10|301.35|12.00|36.16|0.00|0.00|0.00|0.00|0.00|0.00|
|C170|2|PROD005|INSUMO INDUSTRIAL E|43.16|UN|1456.12|5101|20|1287.71|12.00|154.53|0.00|0.00|0.00|0.00|0.00|0.00|
|C100|1|0|12345678000195|55|00|000000152|000|24012024|24012024|38604.41|15776.27|1893.15|0.00|0.00|0.00|0.00|0.00|0.00|0.00|0|55512312300010|
|C170|1|PROD003|MATERIAL BRUTO C|40.85|UN|13529.95|5101|40|0.00|12.00|0.00|0.00|0.00|0.00|0.00|0.00|0.00|
|C170|2|PROD003|MATERIAL BRUTO C|34.18|UN|7186.69|5101|40|0.00|12.00|0.00|0.00|0.00|0.00|0.00|0.00|0.00|
|C170|3|PROD004|PRODUTO ACABADO D|30.91|UN|17887.77|5101|10|15776.27|12.00|1893.15|0.00|0.00|0.00|0.00|0.00|0.00|
|C100|1|0|12345678000195|55|00|000000153|000|30012024|02022024|11816.43|3477.38|417.28|0.00|0.00|0.00|0.00|0.00|0.00|0.00|0|77788899000177|
|C170|1|PROD007|PARTE SOBRESSALENTE G|29.89|UN|3309.31|6101|90|2969.03|12.00|356.28|0.00|0.00|0.00|0.00|0.00|0.00|
|C170|2|PROD001|PECA MECANICA TIPO A|7.85|UN|544.85|6101|00|508.35|12.00|61.00|0.00|0.00|0.00|0.00|0.00|0.00|
|C170|3|PROD001|PECA MECANICA TIPO A|30.40|UN|2812.91|6101|41|0.00|12.00|0.00|0.00|0.00|0.00|0.00|0.00|0.00|
|C170|4|PROD007|PARTE SOBRESSALENTE G|34.83|UN|5149.36|6101|40|0.00|12.00|0.00|0.00|0.00|0.00|0.00|0.00|0.00|
|C100|1|0|12345678000195|55|00|000000154|000|07012024|08012024|40658.65|8295.99|995.52|0.00|0.00|0.00|0.00|0.00|0.00|0.00|0|33366699000100|
|C170|1|PROD003|MATERIAL BRUTO C|25.25|UN|5476.76|6102|20|5143.17|12.00|617.18|0.00|0.00|0.00|0.00|0.00|0.00|
|C170|2|PROD001|PECA MECANICA TIPO A|26.89|UN|3184.38|6102|90|3152.82|12.00|378.34|0.00|0.00|0.00|0.00|0.00|0.00|
|C170|3|PROD008|CONJUNTO MONTADO H|7.47|UN|9726.29|6102|40|0.00|12.00|0.00|0.00|0.00|0.00|0.00|0.00|0.00|
|C170|4|PROD008|CONJUNTO MONTADO H|18.91|UN|22271.22|6102|41|0.00|12.00|0.00|0.00|0.00|0.00|0.00|0.00|0.00|
|C100|1|0|12345678000195|55|00|000000155|000|01012024|01012024|61455.20|55395.62|6647.47|0.00|0.00|0.00|0.00|0.00|0.00|0.00|0|55512312300010|
|C170|1|PROD002|COMPONENTE ELETRICO B|20.50|UN|938.13|5101|40|0.00|12.00|0.00|0.00|0.00|0.00|0.00|0.00|0.00|
|C170|2|PROD008|CONJUNTO MONTADO H|38.59|UN|38452.94|5101|20|36379.58|12.00|4365.55|0.00|0.00|0.00|0.00|0.00|0.00|
|C170|3|PROD008|CONJUNTO MONTADO H|27.34|UN|22064.13|5101|00|19016.04|12.00|2281.92|0.00|0.00|0.00|0.00|0.00|0.00|
|C100|1|0|12345678000195|55|00|000000156|000|26012024|27012024|21270.50|346.79|41.61|0.00|0.00|0.00|0.00|0.00|0.00|0.00|0|77788899000177|
|C170|1|PROD004|PRODUTO ACABADO D|34.37|UN|18276.97|6101|40|0.00|12.00|0.00|0.00|0.00|0.00|0.00|0.00|0.00|
|C170|2|PROD006|EMBALAGEM PADRAO F|36.77|UN|401.87|6101|00|346.79|12.00|41.61|0.00|0.00|0.00|0.00|0.00|0.00|
|C170|3|PROD007|PARTE SOBRESSALENTE G|22.29|UN|2591.66|6101|40|0.00|12.00|0.00|0.00|0.00|0.00|0.00|0.00|0.00|
|C100|1|0|12345678000195|55|00|000000157|000|22012024|23012024|217.54|0.00|0.00|0.00|0.00|0.00|0.00|0.00|0.00|0.00|0|33366699000100|
|C170|1|PROD006|EMBALAGEM PADRAO F|35.37|UN|217.54|5101|70|0.00|12.00|0.00|0.00|0.00|0.00|0.00|0.00|0.00|
|C100|1|0|12345678000195|55|00|000000158|000|17012024|19012024|10627.12|8720.56|1046.47|0.00|0.00|0.00|0.00|0.00|0.00|0.00|0|99900011000155|
|C170|1|PROD002|COMPONENTE ELETRICO B|44.43|UN|3218.35|5102|00|3125.23|12.00|375.03|0.00|0.00|0.00|0.00|0.00|0.00|
|C170|2|PROD007|PARTE SOBRESSALENTE G|14.33|UN|1219.37|5102|40|0.00|12.00|0.00|0.00|0.00|0.00|0.00|0.00|0.00|
|C170|3|PROD003|MATERIAL BRUTO C|29.26|UN|6189.40|5102|20|5595.33|12.00|671.44|0.00|0.00|0.00|0.00|0.00|0.00|
|C100|1|0|12345678000195|55|00|000000159|000|28012024|29012024|9330.45|8641.08|1036.93|0.00|0.00|0.00|0.00|0.00|0.00|0.00|0|22244466000133|
|C170|1|PROD003|MATERIAL BRUTO C|29.12|UN|8981.81|5401|00|8320.06|12.00|998.41|0.00|0.00|0.00|0.00|0.00|0.00|
|C170|2|PROD001|PECA MECANICA TIPO A|3.16|UN|348.64|5401|00|321.02|12.00|38.52|0.00|0.00|0.00|0.00|0.00|0.00|
|C100|1|0|12345678000195|55|00|000000160|000|30012024|31012024|1602.40|1439.39|172.73|0.00|0.00|0.00|0.00|0.00|0.00|0.00|0|22244466000133|
|C170|1|PROD005|INSUMO INDUSTRIAL E|45.78|UN|1602.40|5102|20|1439.39|12.00|172.73|0.00|0.00|0.00|0.00|0.00|0.00|
|C100|1|0|12345678000195|55|00|000000161|000|30012024|01022024|227.32|200.83|24.10|0.00|0.00|0.00|0.00|0.00|0.00|0.00|0|22244466000133|
|C170|1|PROD005|INSUMO INDUSTRIAL E|6.85|UN|227.32|5401|00|200.83|12.00|24.10|0.00|0.00|0.00|0.00|0.00|0.00|
|C100|1|0|12345678000195|55|00|000000162|000|02012024|05012024|24984.22|9071.22|1088.55|0.00|0.00|0.00|0.00|0.00|0.00|0.00|0|99900011000155|
|C170|1|PROD007|PARTE SOBRESSALENTE G|23.38|UN|2560.45|5101|00|2477.69|12.00|297.32|0.00|0.00|0.00|0.00|0.00|0.00|
|C170|2|PROD007|PARTE SOBRESSALENTE G|37.24|UN|3701.93|5101|10|3686.30|12.00|442.36|0.00|0.00|0.00|0.00|0.00|0.00|
|C170|3|PROD003|MATERIAL BRUTO C|49.89|UN|15784.83|5101|40|0.00|12.00|0.00|0.00|0.00|0.00|0.00|0.00|0.00|
|C170|4|PROD001|PECA MECANICA TIPO A|27.78|UN|2937.01|5101|00|2907.23|12.00|348.87|0.00|0.00|0.00|0.00|0.00|0.00|
|C100|1|0|12345678000195|55|00|000000163|000|08012024|10012024|1243.64|0.00|0.00|0.00|0.00|0.00|0.00|0.00|0.00|0.00|0|55512312300010|
|C170|1|PROD008|CONJUNTO MONTADO H|1.07|UN|1243.64|6102|50|0.00|12.00|0.00|0.00|0.00|0.00|0.00|0.00|0.00|
|C100|1|0|12345678000195|55|00|000000164|000|04012024|05012024|43596.59|39381.06|4725.72|0.00|0.00|0.00|0.00|0.00|0.00|0.00|0|33366699000100|
|C170|1|PROD004|PRODUTO ACABADO D|48.66|UN|27652.58|6101|00|23686.79|12.00|2842.41|0.00|0.00|0.00|0.00|0.00|0.00|
|C170|2|PROD008|CONJUNTO MONTADO H|12.34|UN|15944.01|6101|20|15694.27|12.00|1883.31|0.00|0.00|0.00|0.00|0.00|0.00|
|C100|1|0|12345678000195|55|00|000000165|000|24012024|24012024|826.55|0.00|0.00|0.00|0.00|0.00|0.00|0.00|0.00|0.00|0|22244466000133|
|C170|1|PROD005|INSUMO INDUSTRIAL E|32.22|UN|826.55|6101|40|0.00|12.00|0.00|0.00|0.00|0.00|0.00|0.00|0.00|
|C100|1|0|12345678000195|55|00|000000166|000|14012024|15012024|14779.11|12288.48|1474.62|0.00|0.00|0.00|0.00|0.00|0.00|0.00|0|55512312300010|
|C170|1|PROD003|MATERIAL BRUTO C|35.34|UN|10964.76|5102|10|9767.34|12.00|1172.08|0.00|0.00|0.00|0.00|0.00|0.00|
|C170|2|PROD003|MATERIAL BRUTO C|4.66|UN|1073.71|5102|41|0.00|12.00|0.00|0.00|0.00|0.00|0.00|0.00|0.00|
|C170|3|PROD007|PARTE SOBRESSALENTE G|29.65|UN|2740.64|5102|00|2521.14|12.00|302.54|0.00|0.00|0.00|0.00|0.00|0.00|
|C100|1|0|12345678000195|55|00|000000167|000|04012024|06012024|14683.39|2130.83|255.70|0.00|0.00|0.00|0.00|0.00|0.00|0.00|0|22244466000133|
|C170|1|PROD003|MATERIAL BRUTO C|34.62|UN|11214.52|5102|40|0.00|12.00|0.00|0.00|0.00|0.00|0.00|0.00|0.00|
|C170|2|PROD003|MATERIAL BRUTO C|2.98|UN|968.36|5102|10|836.36|12.00|100.36|0.00|0.00|0.00|0.00|0.00|0.00|
|C170|3|PROD001|PECA MECANICA TIPO A|13.16|UN|985.91|5102|30|0.00|12.00|0.00|0.00|0.00|0.00|0.00|0.00|0.00|
|C170|4|PROD002|COMPONENTE ELETRICO B|34.18|UN|1514.60|5102|90|1294.47|12.00|155.34|0.00|0.00|0.00|0.00|0.00|0.00|
|C100|1|0|12345678000195|55|00|000000168|000|28012024|31012024|23329.49|3410.80|409.30|0.00|0.00|0.00|0.00|0.00|0.00|0.00|0|22244466000133|
|C170|1|PROD002|COMPONENTE ELETRICO B|41.69|UN|3503.46|6101|00|3410.80|12.00|409.30|0.00|0.00|0.00|0.00|0.00|0.00|
|C170|2|PROD004|PRODUTO ACABADO D|19.24|UN|15440.87|6101|40|0.00|12.00|0.00|0.00|0.00|0.00|0.00|0.00|0.00|
|C170|3|PROD007|PARTE SOBRESSALENTE G|29.53|UN|2974.37|6101|50|0.00|12.00|0.00|0.00|0.00|0.00|0.00|0.00|0.00|
|C170|4|PROD002|COMPONENTE ELETRICO B|2.07|UN|69.38|6101|60|0.00|12.00|0.00|0.00|0.00|0.00|0.00|0.00|0.00|
|C170|5|PROD001|PECA MECANICA TIPO A|22.73|UN|1341.41|6101|60|0.00|12.00|0.00|0.00|0.00|0.00|0.00|0.00|0.00|
|C100|1|0|12345678000195|55|00|000000169|000|04012024|04012024|2189.53|1870.78|224.49|0.00|0.00|0.00|0.00|0.00|0.00|0.00|0|33366699000100|
|C170|1|PROD002|COMPONENTE ELETRICO B|29.12|UN|2189.53|5403|10|1870.78|12.00|224.49|0.00|0.00|0.00|0.00|0.00|0.00|
|C100|1|0|12345678000195|55|00|000000170|000|06012024|08012024|26612.87|0.00|0.00|0.00|0.00|0.00|0.00|0.00|0.00|0.00|0|22244466000133|
|C170|1|PROD003|MATERIAL BRUTO C|8.28|UN|2419.63|5102|40|0.00|12.00|0.00|0.00|0.00|0.00|0.00|0.00|0.00|
|C170|2|PROD004|PRODUTO ACABADO D|32.72|UN|24193.24|5102|60|0.00|12.00|0.00|0.00|0.00|0.00|0.00|0.00|0.00|
|C100|1|0|12345678000195|55|00|000000171|000|02012024|02012024|39511.07|3717.01|446.04|0.00|0.00|0.00|0.00|0.00|0.00|0.00|0|22244466000133|
|C170|1|PROD002|COMPONENTE ELETRICO B|31.91|UN|2364.95|5401|41|0.00|12.00|0.00|0.00|0.00|0.00|0.00|0.00|0.00|
|C170|2|PROD002|COMPONENTE ELETRICO B|49.48|UN|3612.61|5401|10|3365.79|12.00|403.89|0.00|0.00|0.00|0.00|0.00|0.00|
|C170|3|PROD008|CONJUNTO MONTADO H|24.75|UN|33135.69|5401|30|0.00|12.00|0.00|0.00|0.00|0.00|0.00|0.00|0.00|
|C170|4|PROD005|INSUMO INDUSTRIAL E|20.03|UN|397.82|5401|10|351.22|12.00|42.15|0.00|0.00|0.00|0.00|0.00|0.00|
|C100|1|0|12345678000195|55|00|000000172|000|02012024|05012024|88189.30|82902.41|9948.29|0.00|0.00|0.00|0.00|0.00|0.00|0.00|0|33366699000100|
|C170|1|PROD007|PARTE SOBRESSALENTE G|5.91|UN|782.97|6101|00|761.39|12.00|91.37|0.00|0.00|0.00|0.00|0.00|0.00|
|C170|2|PROD008|CONJUNTO MONTADO H|45.95|UN|33960.53|6101|90|29984.15|12.00|3598.10|0.00|0.00|0.00|0.00|0.00|0.00|
|C170|3|PROD008|CONJUNTO MONTADO H|42.48|UN|53445.80|6101|10|52156.87|12.00|6258.82|0.00|0.00|0.00|0.00|0.00|0.00|
|C100|1|0|12345678000195|55|00|000000173|000|06012024|07012024|46749.44|42895.98|5147.52|0.00|0.00|0.00|0.00|0.00|0.00|0.00|0|77788899000177|
|C170|1|PROD007|PARTE SOBRESSALENTE G|2.38|UN|324.05|6101|70|0.00|12.00|0.00|0.00|0.00|0.00|0.00|0.00|0.00|
|C170|2|PROD006|EMBALAGEM PADRAO F|28.62|UN|255.84|6101|00|255.38|12.00|30.65|0.00|0.00|0.00|0.00|0.00|0.00|
|C170|3|PROD008|CONJUNTO MONTADO H|44.20|UN|46169.55|6101|10|42640.60|12.00|5116.87|0.00|0.00|0.00|0.00|0.00|0.00|
|C100|1|0|12345678000195|55|00|000000174|000|02012024|03012024|11960.47|0.00|0.00|0.00|0.00|0.00|0.00|0.00|0.00|0.00|0|55512312300010|
|C170|1|PROD001|PECA MECANICA TIPO A|17.25|UN|1604.54|6101|50|0.00|12.00|0.00|0.00|0.00|0.00|0.00|0.00|0.00|
|C170|2|PROD004|PRODUTO ACABADO D|17.70|UN|10355.93|6101|50|0.00|12.00|0.00|0.00|0.00|0.00|0.00|0.00|0.00|
|C100|1|0|12345678000195|55|00|000000175|000|02012024|02012024|14560.52|1436.25|172.35|0.00|0.00|0.00|0.00|0.00|0.00|0.00|0|33366699000100|
|C170|1|PROD006|EMBALAGEM PADRAO F|4.55|UN|45.22|5102|40|0.00|12.00|0.00|0.00|0.00|0.00|0.00|0.00|0.00|
|C170|2|PROD002|COMPONENTE ELETRICO B|29.71|UN|1441.47|5102|10|1436.25|12.00|172.35|0.00|0.00|0.00|0.00|0.00|0.00|
|C170|3|PROD001|PECA MECANICA TIPO A|36.88|UN|2972.19|5102|40|0.00|12.00|0.00|0.00|0.00|0.00|0.00|0.00|0.00|
|C170|4|PROD005|INSUMO INDUSTRIAL E|24.87|UN|586.26|5102|40|0.00|12.00|0.00|0.00|0.00|0.00|0.00|0.00|0.00|
|C170|5|PROD003|MATERIAL BRUTO C|28.54|UN|9515.38|5102|40|0.00|12.00|0.00|0.00|0.00|0.00|0.00|0.00|0.00|
|C100|1|0|12345678000195|55|00|000000176|000|08012024|09012024|13954.95|0.00|0.00|0.00|0.00|0.00|0.00|0.00|0.00|0.00|0|33366699000100|
|C170|1|PROD006|EMBALAGEM PADRAO F|1.09|UN|10.78|5403|40|0.00|12.00|0.00|0.00|0.00|0.00|0.00|0.00|0.00|
|C170|2|PROD003|MATERIAL BRUTO C|42.69|UN|13472.87|5403|40|0.00|12.00|0.00|0.00|0.00|0.00|0.00|0.00|0.00|
|C170|3|PROD002|COMPONENTE ELETRICO B|9.92|UN|471.30|5403|50|0.00|12.00|0.00|0.00|0.00|0.00|0.00|0.00|0.00|
|C100|1|0|12345678000195|55|00|000000177|000|08012024|08012024|9642.75|0.00|0.00|0.00|0.00|0.00|0.00|0.00|0.00|0.00|0|99900011000155|
|C170|1|PROD003|MATERIAL BRUTO C|17.99|UN|4461.25|5403|40|0.00|12.00|0.00|0.00|0.00|0.00|0.00|0.00|0.00|
|C170|2|PROD001|PECA MECANICA TIPO A|48.19|UN|5181.50|5403|40|0.00|12.00|0.00|0.00|0.00|0.00|0.00|0.00|0.00|
|C100|1|0|12345678000195|55|00|000000178|000|15012024|15012024|4835.86|442.98|53.16|0.00|0.00|0.00|0.00|0.00|0.00|0.00|0|33366699000100|
|C170|1|PROD002|COMPONENTE ELETRICO B|13.58|UN|487.92|5401|00|442.98|12.00|53.16|0.00|0.00|0.00|0.00|0.00|0.00|
|C170|2|PROD001|PECA MECANICA TIPO A|36.90|UN|4347.94|5401|60|0.00|12.00|0.00|0.00|0.00|0.00|0.00|0.00|0.00|
|C100|1|0|12345678000195|55|00|000000179|000|29012024|01022024|19591.02|10230.57|1227.67|0.00|0.00|0.00|0.00|0.00|0.00|0.00|0|22244466000133|
|C170|1|PROD004|PRODUTO ACABADO D|12.05|UN|8638.14|5401|41|0.00|12.00|0.00|0.00|0.00|0.00|0.00|0.00|0.00|
|C170|2|PROD007|PARTE SOBRESSALENTE G|2.64|UN|215.21|5401|00|186.31|12.00|22.36|0.00|0.00|0.00|0.00|0.00|0.00|
|C170|3|PROD007|PARTE SOBRESSALENTE G|17.75|UN|2680.63|5401|00|2308.69|12.00|277.04|0.00|0.00|0.00|0.00|0.00|0.00|
|C170|4|PROD005|INSUMO INDUSTRIAL E|47.15|UN|1952.48|5401|10|1948.17|12.00|233.78|0.00|0.00|0.00|0.00|0.00|0.00|
|C170|5|PROD007|PARTE SOBRESSALENTE G|44.77|UN|6104.56|5401|20|5787.40|12.00|694.49|0.00|0.00|0.00|0.00|0.00|0.00|
|C100|1|0|12345678000195|55|00|000000180|000|29012024|01022024|700.86|0.00|0.00|0.00|0.00|0.00|0.00|0.00|0.00|0.00|0|99900011000155|
|C170|1|PROD001|PECA MECANICA TIPO A|11.07|UN|700.86|5102|40|0.00|12.00|0.00|0.00|0.00|0.00|0.00|0.00|0.00|
|C100|1|0|12345678000195|55|00|000000181|000|09012024|11012024|7097.33|2004.55|240.55|0.00|0.00|0.00|0.00|0.00|0.00|0.00|0|99900011000155|
|C170|1|PROD001|PECA MECANICA TIPO A|27.93|UN|2356.71|5401|00|2004.55|12.00|240.55|0.00|0.00|0.00|0.00|0.00|0.00|
|C170|2|PROD004|PRODUTO ACABADO D|5.29|UN|4740.62|5401|40|0.00|12.00|0.00|0.00|0.00|0.00|0.00|0.00|0.00|
|C100|1|0|12345678000195|55|00|000000182|000|07012024|07012024|7852.03|7306.67|876.80|0.00|0.00|0.00|0.00|0.00|0.00|0.00|0|22244466000133|
|C170|1|PROD002|COMPONENTE ELETRICO B|5.01|UN|383.20|5101|10|348.57|12.00|41.83|0.00|0.00|0.00|0.00|0.00|0.00|
|C170|2|PROD003|MATERIAL BRUTO C|24.97|UN|7468.83|5101|00|6958.10|12.00|834.97|0.00|0.00|0.00|0.00|0.00|0.00|
|C100|1|0|12345678000195|55|00|000000183|000|12012024|15012024|25839.92|22683.74|2722.05|0.00|0.00|0.00|0.00|0.00|0.00|0.00|0|77788899000177|
|C170|1|PROD004|PRODUTO ACABADO D|23.79|UN|14477.38|5401|00|12439.63|12.00|1492.76|0.00|0.00|0.00|0.00|0.00|0.00|
|C170|2|PROD003|MATERIAL BRUTO C|37.86|UN|11362.54|5401|00|10244.11|12.00|1229.29|0.00|0.00|0.00|0.00|0.00|0.00|
|C100|1|0|12345678000195|55|00|000000184|000|14012024|15012024|4664.67|0.00|0.00|0.00|0.00|0.00|0.00|0.00|0.00|0.00|0|99900011000155|
|C170|1|PROD007|PARTE SOBRESSALENTE G|41.10|UN|4664.67|6101|30|0.00|12.00|0.00|0.00|0.00|0.00|0.00|0.00|0.00|
|C100|1|0|12345678000195|55|00|000000185|000|19012024|20012024|41794.68|37484.80|4498.17|0.00|0.00|0.00|0.00|0.00|0.00|0.00|0|22244466000133|
|C170|1|PROD001|PECA MECANICA TIPO A|25.60|UN|2893.91|5403|50|0.00|12.00|0.00|0.00|0.00|0.00|0.00|0.00|0.00|
|C170|2|PROD008|CONJUNTO MONTADO H|34.20|UN|38788.16|5403|00|37375.43|12.00|4485.05|0.00|0.00|0.00|0.00|0.00|0.00|
|C170|3|PROD006|EMBALAGEM PADRAO F|9.47|UN|112.61|5403|90|109.37|12.00|13.12|0.00|0.00|0.00|0.00|0.00|0.00|
|C100|1|0|12345678000195|55|00|000000186|000|02012024|05012024|4393.95|0.00|0.00|0.00|0.00|0.00|0.00|0.00|0.00|0.00|0|77788899000177|
|C170|1|PROD002|COMPONENTE ELETRICO B|16.67|UN|1166.59|5101|50|0.00|12.00|0.00|0.00|0.00|0.00|0.00|0.00|0.00|
|C170|2|PROD007|PARTE SOBRESSALENTE G|5.26|UN|655.42|5101|40|0.00|12.00|0.00|0.00|0.00|0.00|0.00|0.00|0.00|
|C170|3|PROD002|COMPONENTE ELETRICO B|42.98|UN|2517.48|5101|60|0.00|12.00|0.00|0.00|0.00|0.00|0.00|0.00|0.00|
|C170|4|PROD005|INSUMO INDUSTRIAL E|1.61|UN|54.46|5101|40|0.00|12.00|0.00|0.00|0.00|0.00|0.00|0.00|0.00|
|C100|1|0|12345678000195|55|00|000000187|000|04012024|07012024|2372.66|826.72|99.21|0.00|0.00|0.00|0.00|0.00|0.00|0.00|0|22244466000133|
|C170|1|PROD005|INSUMO INDUSTRIAL E|48.28|UN|854.99|5102|00|826.72|12.00|99.21|0.00|0.00|0.00|0.00|0.00|0.00|
|C170|2|PROD005|INSUMO INDUSTRIAL E|39.50|UN|1517.67|5102|60|0.00|12.00|0.00|0.00|0.00|0.00|0.00|0.00|0.00|
|C100|1|0|12345678000195|55|00|000000188|000|09012024|12012024|53088.11|49392.71|5927.13|0.00|0.00|0.00|0.00|0.00|0.00|0.00|0|22244466000133|
|C170|1|PROD005|INSUMO INDUSTRIAL E|31.29|UN|1044.59|6102|20|949.92|12.00|113.99|0.00|0.00|0.00|0.00|0.00|0.00|
|C170|2|PROD004|PRODUTO ACABADO D|44.07|UN|36641.17|6102|00|33756.88|12.00|4050.83|0.00|0.00|0.00|0.00|0.00|0.00|
|C170|3|PROD002|COMPONENTE ELETRICO B|14.16|UN|714.85|6102|10|692.72|12.00|83.13|0.00|0.00|0.00|0.00|0.00|0.00|
|C170|4|PROD004|PRODUTO ACABADO D|16.24|UN|14687.50|6102|51|13993.19|12.00|1679.18|0.00|0.00|0.00|0.00|0.00|0.00|
|C100|1|0|12345678000195|55|00|000000189|000|05012024|07012024|6580.79|139.24|16.71|0.00|0.00|0.00|0.00|0.00|0.00|0.00|0|77788899000177|
|C170|1|PROD007|PARTE SOBRESSALENTE G|5.38|UN|619.95|6102|60|0.00|12.00|0.00|0.00|0.00|0.00|0.00|0.00|0.00|
|C170|2|PROD003|MATERIAL BRUTO C|20.95|UN|5712.71|6102|30|0.00|12.00|0.00|0.00|0.00|0.00|0.00|0.00|0.00|
|C170|3|PROD006|EMBALAGEM PADRAO F|19.32|UN|104.15|6102|41|0.00|12.00|0.00|0.00|0.00|0.00|0.00|0.00|0.00|
|C170|4|PROD005|INSUMO INDUSTRIAL E|4.21|UN|143.98|6102|20|139.24|12.00|16.71|0.00|0.00|0.00|0.00|0.00|0.00|
|C100|1|0|12345678000195|55|00|000000190|000|29012024|29012024|3305.93|2991.71|359.00|0.00|0.00|0.00|0.00|0.00|0.00|0.00|0|99900011000155|
|C170|1|PROD008|CONJUNTO MONTADO H|3.82|UN|2765.33|5102|00|2500.01|12.00|300.00|0.00|0.00|0.00|0.00|0.00|0.00|
|C170|2|PROD002|COMPONENTE ELETRICO B|10.76|UN|540.60|5102|20|491.70|12.00|59.00|0.00|0.00|0.00|0.00|0.00|0.00|
|C100|1|0|12345678000195|55|00|000000191|000|22012024|22012024|35291.70|28592.20|3431.06|0.00|0.00|0.00|0.00|0.00|0.00|0.00|0|55512312300010|
|C170|1|PROD004|PRODUTO ACABADO D|24.25|UN|18546.34|5102|10|18094.70|12.00|2171.36|0.00|0.00|0.00|0.00|0.00|0.00|
|C170|2|PROD004|PRODUTO ACABADO D|13.67|UN|12290.46|5102|00|10497.50|12.00|1259.70|0.00|0.00|0.00|0.00|0.00|0.00|
|C170|3|PROD008|CONJUNTO MONTADO H|3.43|UN|4454.90|5102|41|0.00|12.00|0.00|0.00|0.00|0.00|0.00|0.00|0.00|
|C100|1|0|12345678000195|55|00|000000192|000|28012024|29012024|7881.83|0.00|0.00|0.00|0.00|0.00|0.00|0.00|0.00|0.00|0|77788899000177|
|C170|1|PROD006|EMBALAGEM PADRAO F|21.07|UN|108.28|6102|41|0.00|12.00|0.00|0.00|0.00|0.00|0.00|0.00|0.00|
|C170|2|PROD003|MATERIAL BRUTO C|38.61|UN|7773.55|6102|60|0.00|12.00|0.00|0.00|0.00|0.00|0.00|0.00|0.00|
|C100|1|0|12345678000195|55|00|000000193|000|20012024|20012024|44688.95|39070.15|4688.42|0.00|0.00|0.00|0.00|0.00|0.00|0.00|0|77788899000177|
|C170|1|PROD005|INSUMO INDUSTRIAL E|35.76|UN|802.43|5102|60|0.00|12.00|0.00|0.00|0.00|0.00|0.00|0.00|0.00|
|C170|2|PROD008|CONJUNTO MONTADO H|42.73|UN|43638.11|5102|00|39070.15|12.00|4688.42|0.00|0.00|0.00|0.00|0.00|0.00|
|C170|3|PROD006|EMBALAGEM PADRAO F|26.51|UN|248.41|5102|40|0.00|12.00|0.00|0.00|0.00|0.00|0.00|0.00|0.00|
|C100|1|0|12345678000195|55|00|000000194|000|17012024|19012024|62024.59|49185.43|5902.25|0.00|0.00|0.00|0.00|0.00|0.00|0.00|0|55512312300010|
|C170|1|PROD005|INSUMO INDUSTRIAL E|32.39|UN|1239.20|6101|00|1185.50|12.00|142.26|0.00|0.00|0.00|0.00|0.00|0.00|
|C170|2|PROD003|MATERIAL BRUTO C|44.73|UN|10949.82|6101|00|10564.62|12.00|1267.75|0.00|0.00|0.00|0.00|0.00|0.00|
|C170|3|PROD001|PECA MECANICA TIPO A|45.09|UN|4796.14|6101|50|0.00|12.00|0.00|0.00|0.00|0.00|0.00|0.00|0.00|
|C170|4|PROD001|PECA MECANICA TIPO A|30.40|UN|2925.89|6101|40|0.00|12.00|0.00|0.00|0.00|0.00|0.00|0.00|0.00|
|C170|5|PROD008|CONJUNTO MONTADO H|36.34|UN|42113.54|6101|90|37435.31|12.00|4492.24|0.00|0.00|0.00|0.00|0.00|0.00|
|C100|1|0|12345678000195|55|00|000000195|000|13012024|16012024|1841.98|1762.78|211.53|0.00|0.00|0.00|0.00|0.00|0.00|0.00|0|22244466000133|
|C170|1|PROD005|INSUMO INDUSTRIAL E|49.74|UN|1841.98|6102|10|1762.78|12.00|211.53|0.00|0.00|0.00|0.00|0.00|0.00|
|C100|1|0|12345678000195|55|00|000000196|000|21012024|24012024|4192.12|1916.54|229.98|0.00|0.00|0.00|0.00|0.00|0.00|0.00|0|99900011000155|
|C170|1|PROD005|INSUMO INDUSTRIAL E|43.95|UN|874.13|6102|00|759.79|12.00|91.17|0.00|0.00|0.00|0.00|0.00|0.00|
|C170|2|PROD007|PARTE SOBRESSALENTE G|13.67|UN|1978.22|6102|41|0.00|12.00|0.00|0.00|0.00|0.00|0.00|0.00|0.00|
|C170|3|PROD007|PARTE SOBRESSALENTE G|9.97|UN|1339.77|6102|10|1156.75|12.00|138.81|0.00|0.00|0.00|0.00|0.00|0.00|
|C100|1|0|12345678000195|55|00|000000197|000|08012024|10012024|8024.03|821.91|98.63|0.00|0.00|0.00|0.00|0.00|0.00|0.00|0|33366699000100|
|C170|1|PROD003|MATERIAL BRUTO C|6.77|UN|1408.71|5403|40|0.00|12.00|0.00|0.00|0.00|0.00|0.00|0.00|0.00|
|C170|2|PROD005|INSUMO INDUSTRIAL E|29.43|UN|934.86|5403|20|821.91|12.00|98.63|0.00|0.00|0.00|0.00|0.00|0.00|
|C170|3|PROD004|PRODUTO ACABADO D|6.87|UN|5680.46|5403|30|0.00|12.00|0.00|0.00|0.00|0.00|0.00|0.00|0.00|
|C100|1|0|12345678000195|55|00|000000198|000|02012024|03012024|23015.03|22678.69|2721.45|0.00|0.00|0.00|0.00|0.00|0.00|0.00|0|22244466000133|
|C170|1|PROD003|MATERIAL BRUTO C|44.75|UN|15572.65|5102|00|15251.22|12.00|1830.15|0.00|0.00|0.00|0.00|0.00|0.00|
|C170|2|PROD008|CONJUNTO MONTADO H|9.84|UN|7442.38|5102|10|7427.47|12.00|891.30|0.00|0.00|0.00|0.00|0.00|0.00|
|C100|1|0|12345678000195|55|00|000000199|000|21012024|21012024|14036.13|13112.21|1573.47|0.00|0.00|0.00|0.00|0.00|0.00|0.00|0|33366699000100|
|C170|1|PROD003|MATERIAL BRUTO C|24.99|UN|7860.04|5101|00|7405.51|12.00|888.66|0.00|0.00|0.00|0.00|0.00|0.00|
|C170|2|PROD007|PARTE SOBRESSALENTE G|32.04|UN|3597.24|5101|90|3264.49|12.00|391.74|0.00|0.00|0.00|0.00|0.00|0.00|
|C170|3|PROD002|COMPONENTE ELETRICO B|2.85|UN|116.72|5101|10|99.46|12.00|11.94|0.00|0.00|0.00|0.00|0.00|0.00|
|C170|4|PROD007|PARTE SOBRESSALENTE G|16.79|UN|2462.13|5101|00|2342.75|12.00|281.13|0.00|0.00|0.00|0.00|0.00|0.00|
|C100|1|0|12345678000195|55|00|000000200|000|08012024|10012024|1551.15|866.37|103.96|0.00|0.00|0.00|0.00|0.00|0.00|0.00|0|77788899000177|
|C170|1|PROD001|PECA MECANICA TIPO A|16.00|UN|873.12|5401|00|866.37|12.00|103.96|0.00|0.00|0.00|0.00|0.00|0.00|
|C170|2|PROD005|INSUMO INDUSTRIAL E|23.34|UN|678.03|5401|30|0.00|12.00|0.00|0.00|0.00|0.00|0.00|0.00|0.00|
|C100|1|0|12345678000195|55|00|000000201|000|29012024|30012024|17983.50|3459.21|415.11|0.00|0.00|0.00|0.00|0.00|0.00|0.00|0|22244466000133|
|C170|1|PROD003|MATERIAL BRUTO C|20.77|UN|4864.64|5401|40|0.00|12.00|0.00|0.00|0.00|0.00|0.00|0.00|0.00|
|C170|2|PROD002|COMPONENTE ELETRICO B|7.43|UN|522.78|5401|40|0.00|12.00|0.00|0.00|0.00|0.00|0.00|0.00|0.00|
|C170|3|PROD008|CONJUNTO MONTADO H|9.28|UN|8877.34|5401|40|0.00|12.00|0.00|0.00|0.00|0.00|0.00|0.00|0.00|
|C170|4|PROD008|CONJUNTO MONTADO H|2.83|UN|3718.74|5401|00|3459.21|12.00|415.11|0.00|0.00|0.00|0.00|0.00|0.00|
|C100|1|0|12345678000195|55|00|000000202|000|20012024|20012024|19.34|17.54|2.10|0.00|0.00|0.00|0.00|0.00|0.00|0.00|0|55512312300010|
|C170|1|PROD006|EMBALAGEM PADRAO F|1.97|UN|19.34|6102|20|17.54|12.00|2.10|0.00|0.00|0.00|0.00|0.00|0.00|
|C100|1|0|12345678000195|55|00|000000203|000|09012024|12012024|389.72|379.40|45.53|0.00|0.00|0.00|0.00|0.00|0.00|0.00|0|99900011000155|
|C170|1|PROD002|COMPONENTE ELETRICO B|1.46|UN|77.39|6102|00|71.82|12.00|8.62|0.00|0.00|0.00|0.00|0.00|0.00|
|C170|2|PROD006|EMBALAGEM PADRAO F|31.52|UN|312.33|6102|20|307.58|12.00|36.91|0.00|0.00|0.00|0.00|0.00|0.00|
|C100|1|0|12345678000195|55|00|000000204|000|24012024|24012024|3268.07|0.00|0.00|0.00|0.00|0.00|0.00|0.00|0.00|0.00|0|99900011000155|
|C170|1|PROD007|PARTE SOBRESSALENTE G|25.39|UN|3268.07|5401|41|0.00|12.00|0.00|0.00|0.00|0.00|0.00|0.00|0.00|
|C100|1|0|12345678000195|55|00|000000205|000|07012024|09012024|22400.08|12234.36|1468.12|0.00|0.00|0.00|0.00|0.00|0.00|0.00|0|99900011000155|
|C170|1|PROD003|MATERIAL BRUTO C|46.72|UN|11661.59|6102|00|11087.20|12.00|1330.46|0.00|0.00|0.00|0.00|0.00|0.00|
|C170|2|PROD001|PECA MECANICA TIPO A|45.44|UN|4928.55|6102|40|0.00|12.00|0.00|0.00|0.00|0.00|0.00|0.00|0.00|
|C170|3|PROD004|PRODUTO ACABADO D|8.31|UN|4513.24|6102|30|0.00|12.00|0.00|0.00|0.00|0.00|0.00|0.00|0.00|
|C170|4|PROD002|COMPONENTE ELETRICO B|36.45|UN|1296.70|6102|00|1147.16|12.00|137.66|0.00|0.00|0.00|0.00|0.00|0.00|
|C100|1|0|12345678000195|55|00|000000206|000|09012024|12012024|6495.17|6180.25|741.63|0.00|0.00|0.00|0.00|0.00|0.00|0.00|0|33366699000100|
|C170|1|PROD007|PARTE SOBRESSALENTE G|43.83|UN|6495.17|5101|10|6180.25|12.00|741.63|0.00|0.00|0.00|0.00|0.00|0.00|
|C100|1|0|12345678000195|55|00|000000207|000|24012024|24012024|741.53|729.80|87.58|0.00|0.00|0.00|0.00|0.00|0.00|0.00|0|22244466000133|
|C170|1|PROD001|PECA MECANICA TIPO A|7.78|UN|741.53|5101|10|729.80|12.00|87.58|0.00|0.00|0.00|0.00|0.00|0.00|
|C100|1|0|12345678000195|55|00|000000208|000|09012024|09012024|34941.40|33139.02|3976.68|0.00|0.00|0.00|0.00|0.00|0.00|0.00|0|99900011000155|
|C170|1|PROD002|COMPONENTE ELETRICO B|14.32|UN|733.33|5401|51|711.32|12.00|85.36|0.00|0.00|0.00|0.00|0.00|0.00|
|C170|2|PROD004|PRODUTO ACABADO D|32.79|UN|28940.48|5401|00|27621.53|12.00|3314.58|0.00|0.00|0.00|0.00|0.00|0.00|
|C170|3|PROD008|CONJUNTO MONTADO H|3.87|UN|5267.59|5401|00|4806.17|12.00|576.74|0.00|0.00|0.00|0.00|0.00|0.00|
|C100|1|0|12345678000195|55|00|000000209|000|16012024|19012024|37625.79|7587.85|910.54|0.00|0.00|0.00|0.00|0.00|0.00|0.00|0|99900011000155|
|C170|1|PROD004|PRODUTO ACABADO D|48.70|UN|27403.41|5102|60|0.00|12.00|0.00|0.00|0.00|0.00|0.00|0.00|0.00|
|C170|2|PROD003|MATERIAL BRUTO C|6.53|UN|1709.88|5102|00|1520.50|12.00|182.46|0.00|0.00|0.00|0.00|0.00|0.00|
|C170|3|PROD001|PECA MECANICA TIPO A|16.40|UN|1628.65|5102|40|0.00|12.00|0.00|0.00|0.00|0.00|0.00|0.00|0.00|
|C170|4|PROD006|EMBALAGEM PADRAO F|38.61|UN|349.03|5102|40|0.00|12.00|0.00|0.00|0.00|0.00|0.00|0.00|0.00|
|C170|5|PROD007|PARTE SOBRESSALENTE G|48.92|UN|6534.82|5102|10|6067.35|12.00|728.08|0.00|0.00|0.00|0.00|0.00|0.00|
|C100|1|0|12345678000195|55|00|000000210|000|04012024|07012024|18943.68|411.28|49.35|0.00|0.00|0.00|0.00|0.00|0.00|0.00|0|99900011000155|
|C170|1|PROD004|PRODUTO ACABADO D|32.43|UN|18528.31|6102|50|0.00|12.00|0.00|0.00|0.00|0.00|0.00|0.00|0.00|
|C170|2|PROD006|EMBALAGEM PADRAO F|44.71|UN|415.37|6102|00|411.28|12.00|49.35|0.00|0.00|0.00|0.00|0.00|0.00|
|C100|1|0|12345678000195|55|00|000000211|000|28012024|31012024|24066.70|22060.50|2647.26|0.00|0.00|0.00|0.00|0.00|0.00|0.00|0|99900011000155|
|C170|1|PROD001|PECA MECANICA TIPO A|12.80|UN|1509.72|5403|00|1333.70|12.00|160.04|0.00|0.00|0.00|0.00|0.00|0.00|
|C170|2|PROD004|PRODUTO ACABADO D|32.52|UN|22556.98|5403|00|20726.80|12.00|2487.22|0.00|0.00|0.00|0.00|0.00|0.00|
|C100|1|0|12345678000195|55|00|000000212|000|15012024|15012024|58402.87|49185.80|5902.30|0.00|0.00|0.00|0.00|0.00|0.00|0.00|0|99900011000155|
|C170|1|PROD003|MATERIAL BRUTO C|20.77|UN|4265.33|5403|30|0.00|12.00|0.00|0.00|0.00|0.00|0.00|0.00|0.00|
|C170|2|PROD008|CONJUNTO MONTADO H|41.47|UN|52013.75|5403|90|49185.80|12.00|5902.30|0.00|0.00|0.00|0.00|0.00|0.00|
|C170|3|PROD006|EMBALAGEM PADRAO F|44.62|UN|398.86|5403|40|0.00|12.00|0.00|0.00|0.00|0.00|0.00|0.00|0.00|
|C170|4|PROD001|PECA MECANICA TIPO A|23.35|UN|1724.93|5403|50|0.00|12.00|0.00|0.00|0.00|0.00|0.00|0.00|0.00|
|C100|1|0|12345678000195|55|00|000000213|000|28012024|31012024|23268.85|12060.07|1447.21|0.00|0.00|0.00|0.00|0.00|0.00|0.00|0|77788899000177|
|C170|1|PROD007|PARTE SOBRESSALENTE G|5.77|UN|766.27|5401|00|692.15|12.00|83.06|0.00|0.00|0.00|0.00|0.00|0.00|
|C170|2|PROD005|INSUMO INDUSTRIAL E|32.05|UN|1172.99|5401|30|0.00|12.00|0.00|0.00|0.00|0.00|0.00|0.00|0.00|
|C170|3|PROD006|EMBALAGEM PADRAO F|19.32|UN|110.90|5401|60|0.00|12.00|0.00|0.00|0.00|0.00|0.00|0.00|0.00|
|C170|4|PROD003|MATERIAL BRUTO C|25.13|UN|8123.70|5401|40|0.00|12.00|0.00|0.00|0.00|0.00|0.00|0.00|0.00|
|C170|5|PROD004|PRODUTO ACABADO D|21.05|UN|13094.99|5401|00|11367.92|12.00|1364.15|0.00|0.00|0.00|0.00|0.00|0.00|
|C100|1|0|12345678000195|55|00|000000214|000|07012024|10012024|30635.72|0.00|0.00|0.00|0.00|0.00|0.00|0.00|0.00|0.00|0|22244466000133|
|C170|1|PROD001|PECA MECANICA TIPO A|42.04|UN|3834.52|5102|41|0.00|12.00|0.00|0.00|0.00|0.00|0.00|0.00|0.00|
|C170|2|PROD004|PRODUTO ACABADO D|23.07|UN|18830.58|5102|70|0.00|12.00|0.00|0.00|0.00|0.00|0.00|0.00|0.00|
|C170|3|PROD008|CONJUNTO MONTADO H|7.60|UN|7970.62|5102|30|0.00|12.00|0.00|0.00|0.00|0.00|0.00|0.00|0.00|
|C100|1|0|12345678000195|55|00|000000215|000|18012024|21012024|39664.43|11553.78|1386.45|0.00|0.00|0.00|0.00|0.00|0.00|0.00|0|55512312300010|
|C170|1|PROD008|CONJUNTO MONTADO H|9.51|UN|12082.80|6101|00|11462.09|12.00|1375.45|0.00|0.00|0.00|0.00|0.00|0.00|
|C170|2|PROD007|PARTE SOBRESSALENTE G|30.70|UN|3246.74|6101|60|0.00|12.00|0.00|0.00|0.00|0.00|0.00|0.00|0.00|
|C170|3|PROD008|CONJUNTO MONTADO H|21.52|UN|24232.34|6101|40|0.00|12.00|0.00|0.00|0.00|0.00|0.00|0.00|0.00|
|C170|4|PROD006|EMBALAGEM PADRAO F|13.16|UN|102.55|6101|10|91.69|12.00|11.00|0.00|0.00|0.00|0.00|0.00|0.00|
|C100|1|0|12345678000195|55|00|000000216|000|05012024|08012024|33131.67|219.70|26.36|0.00|0.00|0.00|0.00|0.00|0.00|0.00|0|77788899000177|
|C170|1|PROD003|MATERIAL BRUTO C|32.00|UN|7363.47|6101|40|0.00|12.00|0.00|0.00|0.00|0.00|0.00|0.00|0.00|
|C170|2|PROD006|EMBALAGEM PADRAO F|15.24|UN|113.07|6101|40|0.00|12.00|0.00|0.00|0.00|0.00|0.00|0.00|0.00|
|C170|3|PROD007|PARTE SOBRESSALENTE G|49.09|UN|6479.71|6101|70|0.00|12.00|0.00|0.00|0.00|0.00|0.00|0.00|0.00|
|C170|4|PROD006|EMBALAGEM PADRAO F|25.69|UN|253.31|6101|10|219.70|12.00|26.36|0.00|0.00|0.00|0.00|0.00|0.00|
|C170|5|PROD008|CONJUNTO MONTADO H|18.26|UN|18922.11|6101|40|0.00|12.00|0.00|0.00|0.00|0.00|0.00|0.00|0.00|
|C100|1|0|12345678000195|55|00|000000217|000|22012024|24012024|42.34|0.00|0.00|0.00|0.00|0.00|0.00|0.00|0.00|0.00|0|22244466000133|
|C170|1|PROD005|INSUMO INDUSTRIAL E|2.24|UN|42.34|5403|40|0.00|12.00|0.00|0.00|0.00|0.00|0.00|0.00|0.00|
|C100|1|0|12345678000195|55|00|000000218|000|09012024|10012024|5271.55|2067.29|248.08|0.00|0.00|0.00|0.00|0.00|0.00|0.00|0|77788899000177|
|C170|1|PROD002|COMPONENTE ELETRICO B|11.00|UN|657.12|5401|10|603.16|12.00|72.38|0.00|0.00|0.00|0.00|0.00|0.00|
|C170|2|PROD001|PECA MECANICA TIPO A|31.19|UN|3034.38|5401|40|0.00|12.00|0.00|0.00|0.00|0.00|0.00|0.00|0.00|
|C170|3|PROD007|PARTE SOBRESSALENTE G|11.99|UN|1580.05|5401|10|1464.13|12.00|175.70|0.00|0.00|0.00|0.00|0.00|0.00|
|C100|1|0|12345678000195|55|00|000000219|000|23012024|23012024|39512.44|7763.93|931.67|0.00|0.00|0.00|0.00|0.00|0.00|0.00|0|33366699000100|
|C170|1|PROD004|PRODUTO ACABADO D|3.64|UN|3115.91|5403|00|3054.61|12.00|366.55|0.00|0.00|0.00|0.00|0.00|0.00|
|C170|2|PROD007|PARTE SOBRESSALENTE G|43.16|UN|4983.05|5403|00|4709.32|12.00|565.12|0.00|0.00|0.00|0.00|0.00|0.00|
|C170|3|PROD006|EMBALAGEM PADRAO F|35.77|UN|270.76|5403|40|0.00|12.00|0.00|0.00|0.00|0.00|0.00|0.00|0.00|
|C170|4|PROD008|CONJUNTO MONTADO H|37.18|UN|31142.72|5403|40|0.00|12.00|0.00|0.00|0.00|0.00|0.00|0.00|0.00|
|C100|1|0|12345678000195|55|00|000000220|000|10012024|13012024|554.40|506.87|60.82|0.00|0.00|0.00|0.00|0.00|0.00|0.00|0|77788899000177|
|C170|1|PROD002|COMPONENTE ELETRICO B|9.52|UN|554.40|5102|10|506.87|12.00|60.82|0.00|0.00|0.00|0.00|0.00|0.00|
|C100|1|0|12345678000195|55|00|000000221|000|09012024|10012024|63401.26|3341.01|400.92|0.00|0.00|0.00|0.00|0.00|0.00|0.00|0|99900011000155|
|C170|1|PROD007|PARTE SOBRESSALENTE G|46.50|UN|5940.76|5102|41|0.00|12.00|0.00|0.00|0.00|0.00|0.00|0.00|0.00|
|C170|2|PROD001|PECA MECANICA TIPO A|31.64|UN|3449.72|5102|10|3341.01|12.00|400.92|0.00|0.00|0.00|0.00|0.00|0.00|
|C170|3|PROD004|PRODUTO ACABADO D|27.96|UN|14956.97|5102|40|0.00|12.00|0.00|0.00|0.00|0.00|0.00|0.00|0.00|
|C170|4|PROD008|CONJUNTO MONTADO H|26.74|UN|36636.34|5102|30|0.00|12.00|0.00|0.00|0.00|0.00|0.00|0.00|0.00|
|C170|5|PROD001|PECA MECANICA TIPO A|39.53|UN|2417.47|5102|30|0.00|12.00|0.00|0.00|0.00|0.00|0.00|0.00|0.00|
|C100|1|0|12345678000195|55|00|000000222|000|03012024|05012024|7076.21|0.00|0.00|0.00|0.00|0.00|0.00|0.00|0.00|0.00|0|22244466000133|
|C170|1|PROD006|EMBALAGEM PADRAO F|15.38|UN|179.24|5102|40|0.00|12.00|0.00|0.00|0.00|0.00|0.00|0.00|0.00|
|C170|2|PROD003|MATERIAL BRUTO C|24.27|UN|6896.97|5102|41|0.00|12.00|0.00|0.00|0.00|0.00|0.00|0.00|0.00|
|C100|1|0|12345678000195|55|00|000000223|000|04012024|06012024|43769.14|0.00|0.00|0.00|0.00|0.00|0.00|0.00|0.00|0.00|0|55512312300010|
|C170|1|PROD008|CONJUNTO MONTADO H|31.43|UN|43104.62|5403|40|0.00|12.00|0.00|0.00|0.00|0.00|0.00|0.00|0.00|
|C170|2|PROD005|INSUMO INDUSTRIAL E|16.73|UN|664.52|5403|70|0.00|12.00|0.00|0.00|0.00|0.00|0.00|0.00|0.00|
|C100|1|0|12345678000195|55|00|000000224|000|09012024|11012024|55502.56|35537.51|4264.51|0.00|0.00|0.00|0.00|0.00|0.00|0.00|0|22244466000133|
|C170|1|PROD007|PARTE SOBRESSALENTE G|45.02|UN|4294.53|5101|30|0.00|12.00|0.00|0.00|0.00|0.00|0.00|0.00|0.00|
|C170|2|PROD003|MATERIAL BRUTO C|47.46|UN|10684.17|5101|70|0.00|12.00|0.00|0.00|0.00|0.00|0.00|0.00|0.00|
|C170|3|PROD007|PARTE SOBRESSALENTE G|27.36|UN|2205.02|5101|00|2095.98|12.00|251.52|0.00|0.00|0.00|0.00|0.00|0.00|
|C170|4|PROD004|PRODUTO ACABADO D|38.91|UN|35605.99|5101|20|30820.15|12.00|3698.42|0.00|0.00|0.00|0.00|0.00|0.00|
|C170|5|PROD001|PECA MECANICA TIPO A|27.35|UN|2712.85|5101|90|2621.38|12.00|314.57|0.00|0.00|0.00|0.00|0.00|0.00|
|C100|1|0|12345678000195|55|00|000000225|000|24012024|25012024|6147.58|4348.89|521.86|0.00|0.00|0.00|0.00|0.00|0.00|0.00|0|55512312300010|
|C170|1|PROD006|EMBALAGEM PADRAO F|13.34|UN|73.25|5101|50|0.00|12.00|0.00|0.00|0.00|0.00|0.00|0.00|0.00|
|C170|2|PROD001|PECA MECANICA TIPO A|45.64|UN|3583.95|5101|20|3263.79|12.00|391.65|0.00|0.00|0.00|0.00|0.00|0.00|
|C170|3|PROD001|PECA MECANICA TIPO A|16.50|UN|1275.26|5101|00|1085.10|12.00|130.21|0.00|0.00|0.00|0.00|0.00|0.00|
|C170|4|PROD002|COMPONENTE ELETRICO B|36.29|UN|1215.12|5101|40|0.00|12.00|0.00|0.00|0.00|0.00|0.00|0.00|0.00|
|C100|1|0|12345678000195|55|00|000000226|000|23012024|23012024|23943.72|12546.24|1505.55|0.00|0.00|0.00|0.00|0.00|0.00|0.00|0|55512312300010|
|C170|1|PROD001|PECA MECANICA TIPO A|22.45|UN|1743.16|5401|40|0.00|12.00|0.00|0.00|0.00|0.00|0.00|0.00|0.00|
|C170|2|PROD007|PARTE SOBRESSALENTE G|24.23|UN|2971.92|5401|00|2700.43|12.00|324.05|0.00|0.00|0.00|0.00|0.00|0.00|
|C170|3|PROD003|MATERIAL BRUTO C|40.08|UN|11296.10|5401|90|9845.81|12.00|1181.50|0.00|0.00|0.00|0.00|0.00|0.00|
|C170|4|PROD001|PECA MECANICA TIPO A|34.19|UN|3896.98|5401|41|0.00|12.00|0.00|0.00|0.00|0.00|0.00|0.00|0.00|
|C170|5|PROD007|PARTE SOBRESSALENTE G|36.74|UN|4035.56|5401|70|0.00|12.00|0.00|0.00|0.00|0.00|0.00|0.00|0.00|
|C100|1|0|12345678000195|55|00|000000227|000|28012024|29012024|2648.67|0.00|0.00|0.00|0.00|0.00|0.00|0.00|0.00|0.00|0|99900011000155|
|C170|1|PROD001|PECA MECANICA TIPO A|30.24|UN|2648.67|5101|70|0.00|12.00|0.00|0.00|0.00|0.00|0.00|0.00|0.00|
|C100|1|0|12345678000195|55|00|000000228|000|07012024|09012024|33099.71|26302.02|3156.24|0.00|0.00|0.00|0.00|0.00|0.00|0.00|0|33366699000100|
|C170|1|PROD008|CONJUNTO MONTADO H|31.23|UN|27383.58|5102|00|26032.11|12.00|3123.85|0.00|0.00|0.00|0.00|0.00|0.00|
|C170|2|PROD007|PARTE SOBRESSALENTE G|28.80|UN|2429.03|5102|41|0.00|12.00|0.00|0.00|0.00|0.00|0.00|0.00|0.00|
|C170|3|PROD002|COMPONENTE ELETRICO B|49.51|UN|2980.25|5102|40|0.00|12.00|0.00|0.00|0.00|0.00|0.00|0.00|0.00|
|C170|4|PROD002|COMPONENTE ELETRICO B|4.58|UN|306.85|5102|00|269.91|12.00|32.39|0.00|0.00|0.00|0.00|0.00|0.00|
|C100|1|0|12345678000195|55|00|000000229|000|16012024|18012024|1214.69|75.86|9.10|0.00|0.00|0.00|0.00|0.00|0.00|0.00|0|99900011000155|
|C170|1|PROD006|EMBALAGEM PADRAO F|14.97|UN|82.20|5401|00|75.86|12.00|9.10|0.00|0.00|0.00|0.00|0.00|0.00|
|C170|2|PROD002|COMPONENTE ELETRICO B|17.09|UN|1132.49|5401|40|0.00|12.00|0.00|0.00|0.00|0.00|0.00|0.00|0.00|
|C100|1|0|12345678000195|55|00|000000230|000|19012024|21012024|8396.61|5927.27|711.27|0.00|0.00|0.00|0.00|0.00|0.00|0.00|0|77788899000177|
|C170|1|PROD002|COMPONENTE ELETRICO B|32.40|UN|1465.17|5401|10|1394.75|12.00|167.37|0.00|0.00|0.00|0.00|0.00|0.00|
|C170|2|PROD003|MATERIAL BRUTO C|17.25|UN|4691.01|5401|20|4532.52|12.00|543.90|0.00|0.00|0.00|0.00|0.00|0.00|
|C170|3|PROD007|PARTE SOBRESSALENTE G|24.86|UN|2205.51|5401|40|0.00|12.00|0.00|0.00|0.00|0.00|0.00|0.00|0.00|
|C170|4|PROD006|EMBALAGEM PADRAO F|5.02|UN|34.92|5401|50|0.00|12.00|0.00|0.00|0.00|0.00|0.00|0.00|0.00|
|C100|1|0|12345678000195|55|00|000000231|000|07012024|09012024|489.61|0.00|0.00|0.00|0.00|0.00|0.00|0.00|0.00|0.00|0|99900011000155|
|C170|1|PROD006|EMBALAGEM PADRAO F|44.71|UN|489.61|6102|40|0.00|12.00|0.00|0.00|0.00|0.00|0.00|0.00|0.00|
|C100|1|0|12345678000195|55|00|000000232|000|19012024|22012024|39055.40|37353.87|4482.46|0.00|0.00|0.00|0.00|0.00|0.00|0.00|0|99900011000155|
|C170|1|PROD008|CONJUNTO MONTADO H|27.63|UN|38657.41|6101|20|37353.87|12.00|4482.46|0.00|0.00|0.00|0.00|0.00|0.00|
|C170|2|PROD005|INSUMO INDUSTRIAL E|18.93|UN|397.99|6101|41|0.00|12.00|0.00|0.00|0.00|0.00|0.00|0.00|0.00|
|C100|1|0|12345678000195|55|00|000000233|000|05012024|08012024|22211.78|13453.72|1614.44|0.00|0.00|0.00|0.00|0.00|0.00|0.00|0|33366699000100|
|C170|1|PROD001|PECA MECANICA TIPO A|49.11|UN|4807.48|6101|41|0.00|12.00|0.00|0.00|0.00|0.00|0.00|0.00|0.00|
|C170|2|PROD003|MATERIAL BRUTO C|7.88|UN|1763.73|6101|40|0.00|12.00|0.00|0.00|0.00|0.00|0.00|0.00|0.00|
|C170|3|PROD001|PECA MECANICA TIPO A|28.73|UN|3189.91|6101|00|3061.68|12.00|367.40|0.00|0.00|0.00|0.00|0.00|0.00|
|C170|4|PROD002|COMPONENTE ELETRICO B|47.02|UN|1514.98|6101|41|0.00|12.00|0.00|0.00|0.00|0.00|0.00|0.00|0.00|
|C170|5|PROD008|CONJUNTO MONTADO H|12.36|UN|10935.68|6101|00|10392.04|12.00|1247.04|0.00|0.00|0.00|0.00|0.00|0.00|
|C100|1|0|12345678000195|55|00|000000234|000|30012024|01022024|28366.47|2321.67|278.60|0.00|0.00|0.00|0.00|0.00|0.00|0.00|0|99900011000155|
|C170|1|PROD008|CONJUNTO MONTADO H|6.06|UN|8347.38|5403|40|0.00|12.00|0.00|0.00|0.00|0.00|0.00|0.00|0.00|
|C170|2|PROD008|CONJUNTO MONTADO H|14.40|UN|17559.72|5403|40|0.00|12.00|0.00|0.00|0.00|0.00|0.00|0.00|0.00|
|C170|3|PROD001|PECA MECANICA TIPO A|28.94|UN|2210.00|5403|10|2073.32|12.00|248.80|0.00|0.00|0.00|0.00|0.00|0.00|
|C170|4|PROD006|EMBALAGEM PADRAO F|45.01|UN|249.37|5403|00|248.35|12.00|29.80|0.00|0.00|0.00|0.00|0.00|0.00|
|C100|1|0|12345678000195|55|00|000000235|000|17012024|20012024|34727.15|30828.96|3699.47|0.00|0.00|0.00|0.00|0.00|0.00|0.00|0|77788899000177|
|C170|1|PROD004|PRODUTO ACABADO D|25.59|UN|14501.85|5401|00|12494.26|12.00|1499.31|0.00|0.00|0.00|0.00|0.00|0.00|
|C170|2|PROD004|PRODUTO ACABADO D|32.53|UN|19567.77|5401|00|17695.79|12.00|2123.49|0.00|0.00|0.00|0.00|0.00|0.00|
|C170|3|PROD005|INSUMO INDUSTRIAL E|36.15|UN|657.53|5401|00|638.91|12.00|76.67|0.00|0.00|0.00|0.00|0.00|0.00|
|C100|1|0|12345678000195|55|00|000000236|000|16012024|19012024|521.36|428.18|51.38|0.00|0.00|0.00|0.00|0.00|0.00|0.00|0|55512312300010|
|C170|1|PROD005|INSUMO INDUSTRIAL E|21.13|UN|456.07|5403|00|428.18|12.00|51.38|0.00|0.00|0.00|0.00|0.00|0.00|
|C170|2|PROD006|EMBALAGEM PADRAO F|7.60|UN|65.29|5403|60|0.00|12.00|0.00|0.00|0.00|0.00|0.00|0.00|0.00|
|C100|1|0|12345678000195|55|00|000000237|000|02012024|03012024|40937.26|38549.56|4625.94|0.00|0.00|0.00|0.00|0.00|0.00|0.00|0|77788899000177|
|C170|1|PROD005|INSUMO INDUSTRIAL E|48.49|UN|1562.44|5401|51|1498.69|12.00|179.84|0.00|0.00|0.00|0.00|0.00|0.00|
|C170|2|PROD004|PRODUTO ACABADO D|41.24|UN|39374.82|5401|00|37050.87|12.00|4446.10|0.00|0.00|0.00|0.00|0.00|0.00|
|C100|1|0|12345678000195|55|00|000000238|000|28012024|31012024|6298.67|5962.18|715.46|0.00|0.00|0.00|0.00|0.00|0.00|0.00|0|22244466000133|
|C170|1|PROD007|PARTE SOBRESSALENTE G|39.94|UN|5816.28|5102|00|5519.34|12.00|662.32|0.00|0.00|0.00|0.00|0.00|0.00|
|C170|2|PROD005|INSUMO INDUSTRIAL E|13.96|UN|482.39|5102|10|442.84|12.00|53.14|0.00|0.00|0.00|0.00|0.00|0.00|
|C100|1|0|12345678000195|55|00|000000239|000|03012024|04012024|11459.42|0.00|0.00|0.00|0.00|0.00|0.00|0.00|0.00|0.00|0|99900011000155|
|C170|1|PROD002|COMPONENTE ELETRICO B|34.53|UN|2605.94|5403|40|0.00|12.00|0.00|0.00|0.00|0.00|0.00|0.00|0.00|
|C170|2|PROD001|PECA MECANICA TIPO A|9.69|UN|1096.49|5403|40|0.00|12.00|0.00|0.00|0.00|0.00|0.00|0.00|0.00|
|C170|3|PROD005|INSUMO INDUSTRIAL E|44.01|UN|1291.69|5403|41|0.00|12.00|0.00|0.00|0.00|0.00|0.00|0.00|0.00|
|C170|4|PROD008|CONJUNTO MONTADO H|5.57|UN|6465.30|5403|60|0.00|12.00|0.00|0.00|0.00|0.00|0.00|0.00|0.00|
|C100|1|0|12345678000195|55|00|000000240|000|27012024|27012024|10427.29|3755.74|450.69|0.00|0.00|0.00|0.00|0.00|0.00|0.00|0|99900011000155|
|C170|1|PROD005|INSUMO INDUSTRIAL E|12.24|UN|448.90|6102|41|0.00|12.00|0.00|0.00|0.00|0.00|0.00|0.00|0.00|
|C170|2|PROD003|MATERIAL BRUTO C|19.68|UN|5675.21|6102|40|0.00|12.00|0.00|0.00|0.00|0.00|0.00|0.00|0.00|
|C170|3|PROD001|PECA MECANICA TIPO A|38.31|UN|3784.37|6102|00|3292.71|12.00|395.13|0.00|0.00|0.00|0.00|0.00|0.00|
|C170|4|PROD005|INSUMO INDUSTRIAL E|24.38|UN|518.81|6102|51|463.03|12.00|55.56|0.00|0.00|0.00|0.00|0.00|0.00|
|C100|1|0|12345678000195|55|00|000000241|000|14012024|16012024|359.12|305.64|36.68|0.00|0.00|0.00|0.00|0.00|0.00|0.00|0|99900011000155|
|C170|1|PROD006|EMBALAGEM PADRAO F|39.68|UN|359.12|5102|00|305.64|12.00|36.68|0.00|0.00|0.00|0.00|0.00|0.00|
|C100|1|0|12345678000195|55|00|000000242|000|23012024|25012024|32291.54|27415.45|3289.86|0.00|0.00|0.00|0.00|0.00|0.00|0.00|0|77788899000177|
|C170|1|PROD001|PECA MECANICA TIPO A|13.80|UN|1208.26|5403|40|0.00|12.00|0.00|0.00|0.00|0.00|0.00|0.00|0.00|
|C170|2|PROD004|PRODUTO ACABADO D|30.98|UN|30240.29|5403|10|26628.21|12.00|3195.39|0.00|0.00|0.00|0.00|0.00|0.00|
|C170|3|PROD005|INSUMO INDUSTRIAL E|28.05|UN|842.99|5403|00|787.24|12.00|94.47|0.00|0.00|0.00|0.00|0.00|0.00|
|C100|1|0|12345678000195|55|00|000000243|000|09012024|11012024|32848.77|3752.96|450.36|0.00|0.00|0.00|0.00|0.00|0.00|0.00|0|22244466000133|
|C170|1|PROD007|PARTE SOBRESSALENTE G|43.33|UN|3879.16|6101|00|3752.96|12.00|450.36|0.00|0.00|0.00|0.00|0.00|0.00|
|C170|2|PROD004|PRODUTO ACABADO D|47.51|UN|26043.30|6101|30|0.00|12.00|0.00|0.00|0.00|0.00|0.00|0.00|0.00|
|C170|3|PROD002|COMPONENTE ELETRICO B|39.52|UN|2926.31|6101|40|0.00|12.00|0.00|0.00|0.00|0.00|0.00|0.00|0.00|
|C100|1|0|12345678000195|55|00|000000244|000|06012024|09012024|4866.96|0.00|0.00|0.00|0.00|0.00|0.00|0.00|0.00|0.00|0|55512312300010|
|C170|1|PROD007|PARTE SOBRESSALENTE G|41.34|UN|4866.96|6102|40|0.00|12.00|0.00|0.00|0.00|0.00|0.00|0.00|0.00|
|C100|1|0|12345678000195|55|00|000000245|000|03012024|05012024|41126.78|29273.04|3512.76|0.00|0.00|0.00|0.00|0.00|0.00|0.00|0|55512312300010|
|C170|1|PROD001|PECA MECANICA TIPO A|49.24|UN|4578.15|5102|30|0.00|12.00|0.00|0.00|0.00|0.00|0.00|0.00|0.00|
|C170|2|PROD001|PECA MECANICA TIPO A|35.87|UN|3293.49|5102|70|0.00|12.00|0.00|0.00|0.00|0.00|0.00|0.00|0.00|
|C170|3|PROD004|PRODUTO ACABADO D|41.19|UN|33255.14|5102|20|29273.04|12.00|3512.76|0.00|0.00|0.00|0.00|0.00|0.00|
|C100|1|0|12345678000195|55|00|000000246|000|10012024|11012024|9362.34|1395.02|167.40|0.00|0.00|0.00|0.00|0.00|0.00|0.00|0|99900011000155|
|C170|1|PROD005|INSUMO INDUSTRIAL E|33.10|UN|1368.19|5101|00|1219.59|12.00|146.35|0.00|0.00|0.00|0.00|0.00|0.00|
|C170|2|PROD006|EMBALAGEM PADRAO F|20.57|UN|199.34|5101|20|175.43|12.00|21.05|0.00|0.00|0.00|0.00|0.00|0.00|
|C170|3|PROD005|INSUMO INDUSTRIAL E|1.75|UN|59.60|5101|60|0.00|12.00|0.00|0.00|0.00|0.00|0.00|0.00|0.00|
|C170|4|PROD006|EMBALAGEM PADRAO F|27.93|UN|281.53|5101|40|0.00|12.00|0.00|0.00|0.00|0.00|0.00|0.00|0.00|
|C170|5|PROD003|MATERIAL BRUTO C|29.56|UN|7453.68|5101|50|0.00|12.00|0.00|0.00|0.00|0.00|0.00|0.00|0.00|
|C100|1|0|12345678000195|55|00|000000247|000|20012024|21012024|42257.38|39848.22|4781.79|0.00|0.00|0.00|0.00|0.00|0.00|0.00|0|77788899000177|
|C170|1|PROD005|INSUMO INDUSTRIAL E|4.55|UN|104.31|5403|70|0.00|12.00|0.00|0.00|0.00|0.00|0.00|0.00|0.00|
|C170|2|PROD003|MATERIAL BRUTO C|40.34|UN|13858.57|5403|51|13470.14|12.00|1616.42|0.00|0.00|0.00|0.00|0.00|0.00|
|C170|3|PROD004|PRODUTO ACABADO D|29.17|UN|24304.74|5403|90|22712.18|12.00|2725.46|0.00|0.00|0.00|0.00|0.00|0.00|
|C170|4|PROD001|PECA MECANICA TIPO A|38.73|UN|3989.76|5403|90|3665.90|12.00|439.91|0.00|0.00|0.00|0.00|0.00|0.00|
|C100|1|0|12345678000195|55|00|000000248|000|29012024|29012024|6286.74|6004.95|720.59|0.00|0.00|0.00|0.00|0.00|0.00|0.00|0|22244466000133|
|C170|1|PROD003|MATERIAL BRUTO C|19.75|UN|6286.74|5403|00|6004.95|12.00|720.59|0.00|0.00|0.00|0.00|0.00|0.00|
|C100|1|0|12345678000195|55|00|000000249|000|14012024|16012024|10236.09|3968.48|476.22|0.00|0.00|0.00|0.00|0.00|0.00|0.00|0|33366699000100|
|C170|1|PROD001|PECA MECANICA TIPO A|41.23|UN|2281.01|6101|70|0.00|12.00|0.00|0.00|0.00|0.00|0.00|0.00|0.00|
|C170|2|PROD007|PARTE SOBRESSALENTE G|24.35|UN|2636.73|6101|60|0.00|12.00|0.00|0.00|0.00|0.00|0.00|0.00|0.00|
|C170|3|PROD002|COMPONENTE ELETRICO B|14.19|UN|1164.45|6101|40|0.00|12.00|0.00|0.00|0.00|0.00|0.00|0.00|0.00|
|C170|4|PROD001|PECA MECANICA TIPO A|45.59|UN|3871.62|6101|00|3717.97|12.00|446.16|0.00|0.00|0.00|0.00|0.00|0.00|
|C170|5|PROD006|EMBALAGEM PADRAO F|43.76|UN|282.28|6101|00|250.51|12.00|30.06|0.00|0.00|0.00|0.00|0.00|0.00|
|C100|1|0|12345678000195|55|00|000000250|000|12012024|13012024|39723.51|0.00|0.00|0.00|0.00|0.00|0.00|0.00|0.00|0.00|0|99900011000155|
|C170|1|PROD008|CONJUNTO MONTADO H|34.12|UN|39723.51|5101|40|0.00|12.00|0.00|0.00|0.00|0.00|0.00|0.00|0.00|
|C100|1|0|12345678000195|55|00|000000251|000|31012024|31012024|35444.58|33274.81|3992.98|0.00|0.00|0.00|0.00|0.00|0.00|0.00|0|99900011000155|
|C170|1|PROD005|INSUMO INDUSTRIAL E|44.95|UN|1728.89|5403|20|1724.84|12.00|206.98|0.00|0.00|0.00|0.00|0.00|0.00|
|C170|2|PROD004|PRODUTO ACABADO D|45.88|UN|29114.77|5403|00|27265.98|12.00|3271.92|0.00|0.00|0.00|0.00|0.00|0.00|
|C170|3|PROD008|CONJUNTO MONTADO H|3.65|UN|4600.92|5403|20|4283.99|12.00|514.08|0.00|0.00|0.00|0.00|0.00|0.00|
|C100|1|0|12345678000195|55|00|000000252|000|12012024|15012024|18312.37|17448.66|2093.84|0.00|0.00|0.00|0.00|0.00|0.00|0.00|0|99900011000155|
|C170|1|PROD004|PRODUTO ACABADO D|26.39|UN|17194.65|6102|00|16354.10|12.00|1962.49|0.00|0.00|0.00|0.00|0.00|0.00|
|C170|2|PROD001|PECA MECANICA TIPO A|19.59|UN|1117.72|6102|10|1094.56|12.00|131.35|0.00|0.00|0.00|0.00|0.00|0.00|
|C100|1|0|12345678000195|55|00|000000253|000|18012024|20012024|18150.21|2481.98|297.84|0.00|0.00|0.00|0.00|0.00|0.00|0.00|0|77788899000177|
|C170|1|PROD004|PRODUTO ACABADO D|25.44|UN|15290.97|5102|40|0.00|12.00|0.00|0.00|0.00|0.00|0.00|0.00|0.00|
|C170|2|PROD005|INSUMO INDUSTRIAL E|19.24|UN|732.58|5102|00|642.46|12.00|77.10|0.00|0.00|0.00|0.00|0.00|0.00|
|C170|3|PROD003|MATERIAL BRUTO C|7.43|UN|2126.66|5102|00|1839.52|12.00|220.74|0.00|0.00|0.00|0.00|0.00|0.00|
|C100|1|0|12345678000195|55|00|000000254|000|26012024|27012024|6827.00|3633.47|436.02|0.00|0.00|0.00|0.00|0.00|0.00|0.00|0|33366699000100|
|C170|1|PROD007|PARTE SOBRESSALENTE G|24.18|UN|1952.94|6101|20|1699.39|12.00|203.93|0.00|0.00|0.00|0.00|0.00|0.00|
|C170|2|PROD002|COMPONENTE ELETRICO B|44.77|UN|2896.17|6101|30|0.00|12.00|0.00|0.00|0.00|0.00|0.00|0.00|0.00|
|C170|3|PROD007|PARTE SOBRESSALENTE G|16.47|UN|1958.90|6101|00|1917.32|12.00|230.08|0.00|0.00|0.00|0.00|0.00|0.00|
|C170|4|PROD006|EMBALAGEM PADRAO F|3.34|UN|18.99|6101|00|16.76|12.00|2.01|0.00|0.00|0.00|0.00|0.00|0.00|
|C100|1|0|12345678000195|55|00|000000255|000|16012024|16012024|21184.66|10108.14|1212.98|0.00|0.00|0.00|0.00|0.00|0.00|0.00|0|33366699000100|
|C170|1|PROD003|MATERIAL BRUTO C|40.69|UN|10238.67|5403|20|9242.07|12.00|1109.05|0.00|0.00|0.00|0.00|0.00|0.00|
|C170|2|PROD003|MATERIAL BRUTO C|34.30|UN|9975.81|5403|40|0.00|12.00|0.00|0.00|0.00|0.00|0.00|0.00|0.00|
|C170|3|PROD005|INSUMO INDUSTRIAL E|32.84|UN|970.18|5403|90|866.07|12.00|103.93|0.00|0.00|0.00|0.00|0.00|0.00|
|C100|1|0|12345678000195|55|00|000000256|000|22012024|25012024|29788.20|8046.12|965.54|0.00|0.00|0.00|0.00|0.00|0.00|0.00|0|33366699000100|
|C170|1|PROD008|CONJUNTO MONTADO H|8.10|UN|6618.50|6102|50|0.00|12.00|0.00|0.00|0.00|0.00|0.00|0.00|0.00|
|C170|2|PROD004|PRODUTO ACABADO D|17.53|UN|14078.37|6102|40|0.00|12.00|0.00|0.00|0.00|0.00|0.00|0.00|0.00|
|C170|3|PROD003|MATERIAL BRUTO C|42.60|UN|8974.98|6102|00|7935.97|12.00|952.32|0.00|0.00|0.00|0.00|0.00|0.00|
|C170|4|PROD006|EMBALAGEM PADRAO F|16.53|UN|116.35|6102|00|110.15|12.00|13.22|0.00|0.00|0.00|0.00|0.00|0.00|
|C100|1|0|12345678000195|55|00|000000257|000|29012024|01022024|30259.17|26527.09|3183.26|0.00|0.00|0.00|0.00|0.00|0.00|0.00|0|33366699000100|
|C170|1|PROD005|INSUMO INDUSTRIAL E|12.50|UN|272.31|5401|40|0.00|12.00|0.00|0.00|0.00|0.00|0.00|0.00|0.00|
|C170|2|PROD004|PRODUTO ACABADO D|37.74|UN|22682.58|5401|10|19605.30|12.00|2352.64|0.00|0.00|0.00|0.00|0.00|0.00|
|C170|3|PROD002|COMPONENTE ELETRICO B|46.90|UN|2627.98|5401|00|2537.68|12.00|304.52|0.00|0.00|0.00|0.00|0.00|0.00|
|C170|4|PROD007|PARTE SOBRESSALENTE G|26.68|UN|4259.46|5401|00|4015.46|12.00|481.86|0.00|0.00|0.00|0.00|0.00|0.00|
|C170|5|PROD002|COMPONENTE ELETRICO B|5.13|UN|416.84|5401|10|368.65|12.00|44.24|0.00|0.00|0.00|0.00|0.00|0.00|
|C100|1|0|12345678000195|55|00|000000258|000|15012024|16012024|17090.41|8530.56|1023.67|0.00|0.00|0.00|0.00|0.00|0.00|0.00|0|33366699000100|
|C170|1|PROD007|PARTE SOBRESSALENTE G|24.33|UN|3844.46|5102|30|0.00|12.00|0.00|0.00|0.00|0.00|0.00|0.00|0.00|
|C170|2|PROD001|PECA MECANICA TIPO A|14.35|UN|1164.20|5102|90|1111.40|12.00|133.37|0.00|0.00|0.00|0.00|0.00|0.00|
|C170|3|PROD006|EMBALAGEM PADRAO F|9.68|UN|88.82|5102|40|0.00|12.00|0.00|0.00|0.00|0.00|0.00|0.00|0.00|
|C170|4|PROD007|PARTE SOBRESSALENTE G|32.16|UN|4023.48|5102|30|0.00|12.00|0.00|0.00|0.00|0.00|0.00|0.00|0.00|
|C170|5|PROD003|MATERIAL BRUTO C|32.34|UN|7969.45|5102|10|7419.16|12.00|890.30|0.00|0.00|0.00|0.00|0.00|0.00|
|C100|1|0|12345678000195|55|00|000000259|000|15012024|17012024|30238.75|23885.97|2866.32|0.00|0.00|0.00|0.00|0.00|0.00|0.00|0|55512312300010|
|C170|1|PROD003|MATERIAL BRUTO C|42.55|UN|10704.48|5401|20|9112.16|12.00|1093.46|0.00|0.00|0.00|0.00|0.00|0.00|
|C170|2|PROD003|MATERIAL BRUTO C|46.18|UN|15796.09|5401|20|13448.32|12.00|1613.80|0.00|0.00|0.00|0.00|0.00|0.00|
|C170|3|PROD001|PECA MECANICA TIPO A|22.09|UN|1557.42|5401|00|1325.49|12.00|159.06|0.00|0.00|0.00|0.00|0.00|0.00|
|C170|4|PROD007|PARTE SOBRESSALENTE G|19.31|UN|2180.76|5401|40|0.00|12.00|0.00|0.00|0.00|0.00|0.00|0.00|0.00|
|C100|1|0|12345678000195|55|00|000000260|000|08012024|09012024|7269.57|1643.11|197.17|0.00|0.00|0.00|0.00|0.00|0.00|0.00|0|22244466000133|
|C170|1|PROD007|PARTE SOBRESSALENTE G|26.31|UN|3789.22|6102|40|0.00|12.00|0.00|0.00|0.00|0.00|0.00|0.00|0.00|
|C170|2|PROD002|COMPONENTE ELETRICO B|35.00|UN|1573.34|6102|40|0.00|12.00|0.00|0.00|0.00|0.00|0.00|0.00|0.00|
|C170|3|PROD001|PECA MECANICA TIPO A|27.07|UN|1862.61|6102|00|1602.35|12.00|192.28|0.00|0.00|0.00|0.00|0.00|0.00|
|C170|4|PROD006|EMBALAGEM PADRAO F|7.70|UN|44.40|6102|20|40.76|12.00|4.89|0.00|0.00|0.00|0.00|0.00|0.00|
|C100|1|0|12345678000195|55|00|000000261|000|16012024|17012024|1514.67|1351.57|162.19|0.00|0.00|0.00|0.00|0.00|0.00|0.00|0|99900011000155|
|C170|1|PROD002|COMPONENTE ELETRICO B|48.52|UN|1514.67|5401|90|1351.57|12.00|162.19|0.00|0.00|0.00|0.00|0.00|0.00|
|C100|1|0|12345678000195|55|00|000000262|000|23012024|26012024|479.15|429.67|51.56|0.00|0.00|0.00|0.00|0.00|0.00|0.00|0|77788899000177|
|C170|1|PROD002|COMPONENTE ELETRICO B|8.38|UN|479.15|6102|10|429.67|12.00|51.56|0.00|0.00|0.00|0.00|0.00|0.00|
|C100|1|0|12345678000195|55|00|000000263|000|12012024|15012024|14509.98|14021.69|1682.60|0.00|0.00|0.00|0.00|0.00|0.00|0.00|0|22244466000133|
|C170|1|PROD003|MATERIAL BRUTO C|42.33|UN|14509.98|6102|00|14021.69|12.00|1682.60|0.00|0.00|0.00|0.00|0.00|0.00|
|C100|1|0|12345678000195|55|00|000000264|000|18012024|21012024|20836.61|20233.44|2428.01|0.00|0.00|0.00|0.00|0.00|0.00|0.00|0|55512312300010|
|C170|1|PROD008|CONJUNTO MONTADO H|19.70|UN|13961.82|5102|90|13364.29|12.00|1603.71|0.00|0.00|0.00|0.00|0.00|0.00|
|C170|2|PROD003|MATERIAL BRUTO C|19.86|UN|6874.79|5102|00|6869.15|12.00|824.30|0.00|0.00|0.00|0.00|0.00|0.00|
|C100|1|0|12345678000195|55|00|000000265|000|15012024|15012024|10708.51|0.00|0.00|0.00|0.00|0.00|0.00|0.00|0.00|0.00|0|77788899000177|
|C170|1|PROD004|PRODUTO ACABADO D|16.29|UN|10673.06|6101|40|0.00|12.00|0.00|0.00|0.00|0.00|0.00|0.00|0.00|
|C170|2|PROD006|EMBALAGEM PADRAO F|3.07|UN|35.45|6101|30|0.00|12.00|0.00|0.00|0.00|0.00|0.00|0.00|0.00|
|C100|1|0|12345678000195|55|00|000000266|000|16012024|18012024|8815.30|6534.82|784.18|0.00|0.00|0.00|0.00|0.00|0.00|0.00|0|33366699000100|
|C170|1|PROD008|CONJUNTO MONTADO H|6.53|UN|7467.48|5102|10|6534.82|12.00|784.18|0.00|0.00|0.00|0.00|0.00|0.00|
|C170|2|PROD007|PARTE SOBRESSALENTE G|14.53|UN|1301.36|5102|41|0.00|12.00|0.00|0.00|0.00|0.00|0.00|0.00|0.00|
|C170|3|PROD002|COMPONENTE ELETRICO B|1.44|UN|46.46|5102|41|0.00|12.00|0.00|0.00|0.00|0.00|0.00|0.00|0.00|
|C100|1|0|12345678000195|55|00|000000267|000|23012024|24012024|1726.84|1718.98|206.28|0.00|0.00|0.00|0.00|0.00|0.00|0.00|0|22244466000133|
|C170|1|PROD002|COMPONENTE ELETRICO B|25.50|UN|1726.84|5401|10|1718.98|12.00|206.28|0.00|0.00|0.00|0.00|0.00|0.00|
|C100|1|0|12345678000195|55|00|000000268|000|02012024|04012024|5547.50|4880.19|585.62|0.00|0.00|0.00|0.00|0.00|0.00|0.00|0|55512312300010|
|C170|1|PROD006|EMBALAGEM PADRAO F|7.17|UN|47.51|6102|90|46.00|12.00|5.52|0.00|0.00|0.00|0.00|0.00|0.00|
|C170|2|PROD007|PARTE SOBRESSALENTE G|38.08|UN|5499.99|6102|20|4834.19|12.00|580.10|0.00|0.00|0.00|0.00|0.00|0.00|
|C100|1|0|12345678000195|55|00|000000269|000|12012024|13012024|14393.08|0.00|0.00|0.00|0.00|0.00|0.00|0.00|0.00|0.00|0|22244466000133|
|C170|1|PROD004|PRODUTO ACABADO D|22.44|UN|14393.08|5401|40|0.00|12.00|0.00|0.00|0.00|0.00|0.00|0.00|0.00|
|C100|1|0|12345678000195|55|00|000000270|000|19012024|20012024|33850.00|9280.57|1113.67|0.00|0.00|0.00|0.00|0.00|0.00|0.00|0|77788899000177|
|C170|1|PROD003|MATERIAL BRUTO C|30.34|UN|9982.64|6101|00|9280.57|12.00|1113.67|0.00|0.00|0.00|0.00|0.00|0.00|
|C170|2|PROD004|PRODUTO ACABADO D|23.02|UN|20564.23|6101|30|0.00|12.00|0.00|0.00|0.00|0.00|0.00|0.00|0.00|
|C170|3|PROD007|PARTE SOBRESSALENTE G|23.25|UN|3303.13|6101|30|0.00|12.00|0.00|0.00|0.00|0.00|0.00|0.00|0.00|
|C100|1|0|12345678000195|55|00|000000271|000|29012024|29012024|5785.16|3950.27|474.03|0.00|0.00|0.00|0.00|0.00|0.00|0.00|0|77788899000177|
|C170|1|PROD007|PARTE SOBRESSALENTE G|33.26|UN|4094.48|6101|10|3802.18|12.00|456.26|0.00|0.00|0.00|0.00|0.00|0.00|
|C170|2|PROD002|COMPONENTE ELETRICO B|25.38|UN|1531.18|6101|40|0.00|12.00|0.00|0.00|0.00|0.00|0.00|0.00|0.00|
|C170|3|PROD006|EMBALAGEM PADRAO F|16.81|UN|159.50|6101|00|148.09|12.00|17.77|0.00|0.00|0.00|0.00|0.00|0.00|
|C100|1|0|12345678000195|55|00|000000272|000|02012024|03012024|878.06|0.00|0.00|0.00|0.00|0.00|0.00|0.00|0.00|0.00|0|55512312300010|
|C170|1|PROD002|COMPONENTE ELETRICO B|24.78|UN|878.06|5102|40|0.00|12.00|0.00|0.00|0.00|0.00|0.00|0.00|0.00|
|C100|1|0|12345678000195|55|00|000000273|000|22012024|25012024|16963.52|15937.27|1912.46|0.00|0.00|0.00|0.00|0.00|0.00|0.00|0|22244466000133|
|C170|1|PROD006|EMBALAGEM PADRAO F|46.58|UN|300.91|6101|20|295.93|12.00|35.51|0.00|0.00|0.00|0.00|0.00|0.00|
|C170|2|PROD003|MATERIAL BRUTO C|4.92|UN|1574.50|6101|00|1470.12|12.00|176.41|0.00|0.00|0.00|0.00|0.00|0.00|
|C170|3|PROD003|MATERIAL BRUTO C|46.97|UN|12325.51|6101|10|11786.45|12.00|1414.37|0.00|0.00|0.00|0.00|0.00|0.00|
|C170|4|PROD005|INSUMO INDUSTRIAL E|41.36|UN|917.34|6101|00|789.42|12.00|94.73|0.00|0.00|0.00|0.00|0.00|0.00|
|C170|5|PROD001|PECA MECANICA TIPO A|15.89|UN|1845.26|6101|90|1595.35|12.00|191.44|0.00|0.00|0.00|0.00|0.00|0.00|
|C100|1|0|12345678000195|55|00|000000274|000|18012024|21012024|1391.56|0.00|0.00|0.00|0.00|0.00|0.00|0.00|0.00|0.00|0|77788899000177|
|C170|1|PROD005|INSUMO INDUSTRIAL E|31.64|UN|627.44|5102|40|0.00|12.00|0.00|0.00|0.00|0.00|0.00|0.00|0.00|
|C170|2|PROD002|COMPONENTE ELETRICO B|21.34|UN|764.12|5102|40|0.00|12.00|0.00|0.00|0.00|0.00|0.00|0.00|0.00|
|C100|1|0|12345678000195|55|00|000000275|000|22012024|25012024|40201.62|38035.09|4564.21|0.00|0.00|0.00|0.00|0.00|0.00|0.00|0|33366699000100|
|C170|1|PROD008|CONJUNTO MONTADO H|17.54|UN|14218.41|6102|90|13030.49|12.00|1563.66|0.00|0.00|0.00|0.00|0.00|0.00|
|C170|2|PROD002|COMPONENTE ELETRICO B|18.26|UN|864.44|6102|90|776.87|12.00|93.22|0.00|0.00|0.00|0.00|0.00|0.00|
|C170|3|PROD002|COMPONENTE ELETRICO B|19.21|UN|1383.98|6102|20|1327.07|12.00|159.25|0.00|0.00|0.00|0.00|0.00|0.00|
|C170|4|PROD004|PRODUTO ACABADO D|30.81|UN|23734.79|6102|00|22900.66|12.00|2748.08|0.00|0.00|0.00|0.00|0.00|0.00|
|C100|1|0|12345678000195|55|00|000000276|000|12012024|15012024|19299.36|853.77|102.45|0.00|0.00|0.00|0.00|0.00|0.00|0.00|0|33366699000100|
|C170|1|PROD001|PECA MECANICA TIPO A|7.62|UN|855.77|5403|00|853.77|12.00|102.45|0.00|0.00|0.00|0.00|0.00|0.00|
|C170|2|PROD001|PECA MECANICA TIPO A|11.53|UN|830.33|5403|41|0.00|12.00|0.00|0.00|0.00|0.00|0.00|0.00|0.00|
|C170|3|PROD003|MATERIAL BRUTO C|47.22|UN|15269.88|5403|60|0.00|12.00|0.00|0.00|0.00|0.00|0.00|0.00|0.00|
|C170|4|PROD001|PECA MECANICA TIPO A|26.05|UN|2343.38|5403|40|0.00|12.00|0.00|0.00|0.00|0.00|0.00|0.00|0.00|
|C100|1|0|12345678000195|55|00|000000277|000|02012024|05012024|2694.62|0.00|0.00|0.00|0.00|0.00|0.00|0.00|0.00|0.00|0|55512312300010|
|C170|1|PROD002|COMPONENTE ELETRICO B|29.53|UN|1264.01|5401|50|0.00|12.00|0.00|0.00|0.00|0.00|0.00|0.00|0.00|
|C170|2|PROD003|MATERIAL BRUTO C|5.50|UN|1430.61|5401|60|0.00|12.00|0.00|0.00|0.00|0.00|0.00|0.00|0.00|
|C100|1|0|12345678000195|55|00|000000278|000|24012024|26012024|35244.62|33427.44|4011.29|0.00|0.00|0.00|0.00|0.00|0.00|0.00|0|55512312300010|
|C170|1|PROD004|PRODUTO ACABADO D|35.44|UN|31661.03|5403|00|29962.04|12.00|3595.44|0.00|0.00|0.00|0.00|0.00|0.00|
|C170|2|PROD008|CONJUNTO MONTADO H|2.83|UN|3583.59|5403|10|3465.40|12.00|415.85|0.00|0.00|0.00|0.00|0.00|0.00|
|C100|1|0|12345678000195|55|00|000000279|000|12012024|15012024|1601.05|0.00|0.00|0.00|0.00|0.00|0.00|0.00|0.00|0.00|0|33366699000100|
|C170|1|PROD007|PARTE SOBRESSALENTE G|12.11|UN|1601.05|5403|40|0.00|12.00|0.00|0.00|0.00|0.00|0.00|0.00|0.00|
|C100|1|0|12345678000195|55|00|000000280|000|21012024|24012024|18322.93|1040.03|124.80|0.00|0.00|0.00|0.00|0.00|0.00|0.00|0|55512312300010|
|C170|1|PROD005|INSUMO INDUSTRIAL E|17.02|UN|575.79|5101|00|547.60|12.00|65.71|0.00|0.00|0.00|0.00|0.00|0.00|
|C170|2|PROD003|MATERIAL BRUTO C|49.87|UN|17238.41|5101|41|0.00|12.00|0.00|0.00|0.00|0.00|0.00|0.00|0.00|
|C170|3|PROD005|INSUMO INDUSTRIAL E|29.19|UN|508.73|5101|20|492.43|12.00|59.09|0.00|0.00|0.00|0.00|0.00|0.00|
|C100|1|0|12345678000195|55|00|000000281|000|05012024|07012024|12469.01|799.21|95.91|0.00|0.00|0.00|0.00|0.00|0.00|0.00|0|77788899000177|
|C170|1|PROD005|INSUMO INDUSTRIAL E|25.59|UN|918.39|5101|00|799.21|12.00|95.91|0.00|0.00|0.00|0.00|0.00|0.00|
|C170|2|PROD001|PECA MECANICA TIPO A|28.41|UN|2390.36|5101|40|0.00|12.00|0.00|0.00|0.00|0.00|0.00|0.00|0.00|
|C170|3|PROD004|PRODUTO ACABADO D|10.61|UN|8441.37|5101|40|0.00|12.00|0.00|0.00|0.00|0.00|0.00|0.00|0.00|
|C170|4|PROD001|PECA MECANICA TIPO A|13.07|UN|718.89|5101|41|0.00|12.00|0.00|0.00|0.00|0.00|0.00|0.00|0.00|
|C100|1|0|12345678000195|55|00|000000282|000|22012024|22012024|24821.02|22500.98|2700.11|0.00|0.00|0.00|0.00|0.00|0.00|0.00|0|33366699000100|
|C170|1|PROD004|PRODUTO ACABADO D|2.19|UN|1412.83|5101|90|1331.50|12.00|159.78|0.00|0.00|0.00|0.00|0.00|0.00|
|C170|2|PROD003|MATERIAL BRUTO C|49.52|UN|13188.13|5101|00|11298.69|12.00|1355.84|0.00|0.00|0.00|0.00|0.00|0.00|
|C170|3|PROD003|MATERIAL BRUTO C|41.09|UN|9448.65|5101|10|9105.29|12.00|1092.63|0.00|0.00|0.00|0.00|0.00|0.00|
|C170|4|PROD005|INSUMO INDUSTRIAL E|42.78|UN|771.41|5101|00|765.50|12.00|91.86|0.00|0.00|0.00|0.00|0.00|0.00|
|C100|1|0|12345678000195|55|00|000000283|000|28012024|30012024|21842.95|877.92|105.35|0.00|0.00|0.00|0.00|0.00|0.00|0.00|0|77788899000177|
|C170|1|PROD006|EMBALAGEM PADRAO F|2.12|UN|13.66|5101|30|0.00|12.00|0.00|0.00|0.00|0.00|0.00|0.00|0.00|
|C170|2|PROD001|PECA MECANICA TIPO A|10.99|UN|951.72|5101|00|877.92|12.00|105.35|0.00|0.00|0.00|0.00|0.00|0.00|
|C170|3|PROD004|PRODUTO ACABADO D|36.77|UN|20877.57|5101|40|0.00|12.00|0.00|0.00|0.00|0.00|0.00|0.00|0.00|
|C100|1|0|12345678000195|55|00|000000284|000|13012024|13012024|2706.34|2403.69|288.44|0.00|0.00|0.00|0.00|0.00|0.00|0.00|0|55512312300010|
|C170|1|PROD001|PECA MECANICA TIPO A|35.13|UN|2423.62|5401|20|2403.69|12.00|288.44|0.00|0.00|0.00|0.00|0.00|0.00|
|C170|2|PROD002|COMPONENTE ELETRICO B|4.26|UN|282.72|5401|40|0.00|12.00|0.00|0.00|0.00|0.00|0.00|0.00|0.00|
|C100|1|0|12345678000195|55|00|000000285|000|28012024|28012024|5384.52|4822.79|578.73|0.00|0.00|0.00|0.00|0.00|0.00|0.00|0|33366699000100|
|C170|1|PROD007|PARTE SOBRESSALENTE G|19.65|UN|3107.89|5101|00|2788.77|12.00|334.65|0.00|0.00|0.00|0.00|0.00|0.00|
|C170|2|PROD006|EMBALAGEM PADRAO F|43.47|UN|379.08|5101|00|350.69|12.00|42.08|0.00|0.00|0.00|0.00|0.00|0.00|
|C170|3|PROD002|COMPONENTE ELETRICO B|23.44|UN|1897.55|5101|00|1683.33|12.00|202.00|0.00|0.00|0.00|0.00|0.00|0.00|
|C100|1|0|12345678000195|55|00|000000286|000|10012024|12012024|4067.87|3080.33|369.64|0.00|0.00|0.00|0.00|0.00|0.00|0.00|0|99900011000155|
|C170|1|PROD006|EMBALAGEM PADRAO F|15.81|UN|189.29|5403|90|168.73|12.00|20.25|0.00|0.00|0.00|0.00|0.00|0.00|
|C170|2|PROD001|PECA MECANICA TIPO A|4.04|UN|274.75|5403|10|274.75|12.00|32.97|0.00|0.00|0.00|0.00|0.00|0.00|
|C170|3|PROD006|EMBALAGEM PADRAO F|49.53|UN|575.02|5403|70|0.00|12.00|0.00|0.00|0.00|0.00|0.00|0.00|0.00|
|C170|4|PROD003|MATERIAL BRUTO C|12.05|UN|3028.81|5403|10|2636.85|12.00|316.42|0.00|0.00|0.00|0.00|0.00|0.00|
|C100|1|0|12345678000195|55|00|000000287|000|17012024|18012024|26191.84|444.50|53.34|0.00|0.00|0.00|0.00|0.00|0.00|0.00|0|22244466000133|
|C170|1|PROD005|INSUMO INDUSTRIAL E|16.31|UN|511.06|5403|20|444.50|12.00|53.34|0.00|0.00|0.00|0.00|0.00|0.00|
|C170|2|PROD004|PRODUTO ACABADO D|32.97|UN|25680.78|5403|40|0.00|12.00|0.00|0.00|0.00|0.00|0.00|0.00|0.00|
|C100|1|0|12345678000195|55|00|000000288|000|28012024|29012024|55842.13|27453.59|3294.43|0.00|0.00|0.00|0.00|0.00|0.00|0.00|0|77788899000177|
|C170|1|PROD008|CONJUNTO MONTADO H|28.68|UN|23246.44|5401|00|21617.89|12.00|2594.15|0.00|0.00|0.00|0.00|0.00|0.00|
|C170|2|PROD004|PRODUTO ACABADO D|36.25|UN|21330.54|5401|50|0.00|12.00|0.00|0.00|0.00|0.00|0.00|0.00|0.00|
|C170|3|PROD008|CONJUNTO MONTADO H|8.13|UN|5859.52|5401|10|5835.70|12.00|700.28|0.00|0.00|0.00|0.00|0.00|0.00|
|C170|4|PROD007|PARTE SOBRESSALENTE G|48.10|UN|5015.28|5401|40|0.00|12.00|0.00|0.00|0.00|0.00|0.00|0.00|0.00|
|C170|5|PROD006|EMBALAGEM PADRAO F|41.26|UN|390.35|5401|40|0.00|12.00|0.00|0.00|0.00|0.00|0.00|0.00|0.00|
|C100|1|0|12345678000195|55|00|000000289|000|25012024|26012024|2598.39|0.00|0.00|0.00|0.00|0.00|0.00|0.00|0.00|0.00|0|77788899000177|
|C170|1|PROD002|COMPONENTE ELETRICO B|30.99|UN|1384.50|5101|40|0.00|12.00|0.00|0.00|0.00|0.00|0.00|0.00|0.00|
|C170|2|PROD007|PARTE SOBRESSALENTE G|12.31|UN|1213.89|5101|40|0.00|12.00|0.00|0.00|0.00|0.00|0.00|0.00|0.00|
|C100|1|0|12345678000195|55|00|000000290|000|03012024|06012024|80727.90|2908.97|349.07|0.00|0.00|0.00|0.00|0.00|0.00|0.00|0|33366699000100|
|C170|1|PROD007|PARTE SOBRESSALENTE G|24.22|UN|2254.70|5102|00|2054.68|12.00|246.56|0.00|0.00|0.00|0.00|0.00|0.00|
|C170|2|PROD004|PRODUTO ACABADO D|48.47|UN|45767.75|5102|70|0.00|12.00|0.00|0.00|0.00|0.00|0.00|0.00|0.00|
|C170|3|PROD006|EMBALAGEM PADRAO F|11.90|UN|115.48|5102|00|101.70|12.00|12.20|0.00|0.00|0.00|0.00|0.00|0.00|
|C170|4|PROD002|COMPONENTE ELETRICO B|9.68|UN|798.45|5102|20|752.59|12.00|90.31|0.00|0.00|0.00|0.00|0.00|0.00|
|C170|5|PROD004|PRODUTO ACABADO D|34.70|UN|31791.52|5102|60|0.00|12.00|0.00|0.00|0.00|0.00|0.00|0.00|0.00|
|C100|1|0|12345678000195|55|00|000000291|000|13012024|13012024|41022.10|2328.18|279.38|0.00|0.00|0.00|0.00|0.00|0.00|0.00|0|22244466000133|
|C170|1|PROD006|EMBALAGEM PADRAO F|27.27|UN|258.81|6101|40|0.00|12.00|0.00|0.00|0.00|0.00|0.00|0.00|0.00|
|C170|2|PROD004|PRODUTO ACABADO D|2.89|UN|1594.98|6101|20|1565.74|12.00|187.89|0.00|0.00|0.00|0.00|0.00|0.00|
|C170|3|PROD008|CONJUNTO MONTADO H|44.01|UN|38378.03|6101|30|0.00|12.00|0.00|0.00|0.00|0.00|0.00|0.00|0.00|
|C170|4|PROD005|INSUMO INDUSTRIAL E|49.21|UN|790.28|6101|10|762.44|12.00|91.49|0.00|0.00|0.00|0.00|0.00|0.00|
|C100|1|0|12345678000195|55|00|000000292|000|07012024|09012024|30211.14|3819.84|458.38|0.00|0.00|0.00|0.00|0.00|0.00|0.00|0|55512312300010|
|C170|1|PROD008|CONJUNTO MONTADO H|15.43|UN|20723.40|5403|40|0.00|12.00|0.00|0.00|0.00|0.00|0.00|0.00|0.00|
|C170|2|PROD007|PARTE SOBRESSALENTE G|45.28|UN|5301.84|5403|40|0.00|12.00|0.00|0.00|0.00|0.00|0.00|0.00|0.00|
|C170|3|PROD003|MATERIAL BRUTO C|5.43|UN|1494.34|5403|00|1401.42|12.00|168.17|0.00|0.00|0.00|0.00|0.00|0.00|
|C170|4|PROD002|COMPONENTE ELETRICO B|44.82|UN|2691.56|5403|10|2418.42|12.00|290.21|0.00|0.00|0.00|0.00|0.00|0.00|
|C100|1|0|12345678000195|55|00|000000293|000|06012024|09012024|20395.14|875.27|105.03|0.00|0.00|0.00|0.00|0.00|0.00|0.00|0|55512312300010|
|C170|1|PROD008|CONJUNTO MONTADO H|16.88|UN|19479.52|6101|40|0.00|12.00|0.00|0.00|0.00|0.00|0.00|0.00|0.00|
|C170|2|PROD001|PECA MECANICA TIPO A|9.04|UN|915.62|6101|00|875.27|12.00|105.03|0.00|0.00|0.00|0.00|0.00|0.00|
|C100|1|0|12345678000195|55|00|000000294|000|03012024|06012024|8132.46|7613.90|913.67|0.00|0.00|0.00|0.00|0.00|0.00|0.00|0|33366699000100|
|C170|1|PROD005|INSUMO INDUSTRIAL E|17.42|UN|671.35|6102|51|586.97|12.00|70.44|0.00|0.00|0.00|0.00|0.00|0.00|
|C170|2|PROD002|COMPONENTE ELETRICO B|8.09|UN|584.62|6102|00|523.94|12.00|62.87|0.00|0.00|0.00|0.00|0.00|0.00|
|C170|3|PROD005|INSUMO INDUSTRIAL E|36.78|UN|1506.06|6102|00|1320.97|12.00|158.52|0.00|0.00|0.00|0.00|0.00|0.00|
|C170|4|PROD001|PECA MECANICA TIPO A|45.03|UN|5278.75|6102|00|5092.99|12.00|611.16|0.00|0.00|0.00|0.00|0.00|0.00|
|C170|5|PROD002|COMPONENTE ELETRICO B|1.60|UN|91.68|6102|20|89.03|12.00|10.68|0.00|0.00|0.00|0.00|0.00|0.00|
|C100|1|0|12345678000195|55|00|000000295|000|29012024|01022024|10270.10|0.00|0.00|0.00|0.00|0.00|0.00|0.00|0.00|0.00|0|99900011000155|
|C170|1|PROD005|INSUMO INDUSTRIAL E|21.10|UN|361.60|5102|40|0.00|12.00|0.00|0.00|0.00|0.00|0.00|0.00|0.00|
|C170|2|PROD004|PRODUTO ACABADO D|12.99|UN|9908.50|5102|40|0.00|12.00|0.00|0.00|0.00|0.00|0.00|0.00|0.00|
|C100|1|0|12345678000195|55|00|000000296|000|27012024|28012024|513.64|0.00|0.00|0.00|0.00|0.00|0.00|0.00|0.00|0.00|0|99900011000155|
|C170|1|PROD002|COMPONENTE ELETRICO B|2.80|UN|215.41|5101|40|0.00|12.00|0.00|0.00|0.00|0.00|0.00|0.00|0.00|
|C170|2|PROD006|EMBALAGEM PADRAO F|42.06|UN|298.23|5101|60|0.00|12.00|0.00|0.00|0.00|0.00|0.00|0.00|0.00|
|C100|1|0|12345678000195|55|00|000000297|000|04012024|07012024|584.09|0.00|0.00|0.00|0.00|0.00|0.00|0.00|0.00|0.00|0|55512312300010|
|C170|1|PROD006|EMBALAGEM PADRAO F|34.88|UN|319.54|5102|41|0.00|12.00|0.00|0.00|0.00|0.00|0.00|0.00|0.00|
|C170|2|PROD005|INSUMO INDUSTRIAL E|9.69|UN|264.55|5102|40|0.00|12.00|0.00|0.00|0.00|0.00|0.00|0.00|0.00|
|C100|1|0|12345678000195|55|00|000000298|000|03012024|05012024|37085.07|31435.11|3772.22|0.00|0.00|0.00|0.00|0.00|0.00|0.00|0|55512312300010|
|C170|1|PROD008|CONJUNTO MONTADO H|42.32|UN|31548.93|5401|20|27394.05|12.00|3287.29|0.00|0.00|0.00|0.00|0.00|0.00|
|C170|2|PROD007|PARTE SOBRESSALENTE G|43.11|UN|4584.42|5401|20|4041.06|12.00|484.93|0.00|0.00|0.00|0.00|0.00|0.00|
|C170|3|PROD007|PARTE SOBRESSALENTE G|11.24|UN|951.72|5401|40|0.00|12.00|0.00|0.00|0.00|0.00|0.00|0.00|0.00|
|C100|1|0|12345678000195|55|00|000000299|000|03012024|06012024|81814.62|33736.50|4048.38|0.00|0.00|0.00|0.00|0.00|0.00|0.00|0|99900011000155|
|C170|1|PROD008|CONJUNTO MONTADO H|26.74|UN|37348.53|6102|10|32472.94|12.00|3896.75|0.00|0.00|0.00|0.00|0.00|0.00|
|C170|2|PROD008|CONJUNTO MONTADO H|28.57|UN|30391.42|6102|40|0.00|12.00|0.00|0.00|0.00|0.00|0.00|0.00|0.00|
|C170|3|PROD003|MATERIAL BRUTO C|25.13|UN|5704.94|6102|40|0.00|12.00|0.00|0.00|0.00|0.00|0.00|0.00|0.00|
|C170|4|PROD005|INSUMO INDUSTRIAL E|35.72|UN|1480.28|6102|00|1263.56|12.00|151.63|0.00|0.00|0.00|0.00|0.00|0.00|
|C170|5|PROD003|MATERIAL BRUTO C|31.65|UN|6889.45|6102|50|0.00|12.00|0.00|0.00|0.00|0.00|0.00|0.00|0.00|
|C100|1|0|12345678000195|55|00|000000300|000|14012024|17012024|12096.81|8753.18|1050.38|0.00|0.00|0.00|0.00|0.00|0.00|0.00|0|99900011000155|
|C170|1|PROD003|MATERIAL BRUTO C|32.39|UN|9830.36|5101|00|8455.83|12.00|1014.70|0.00|0.00|0.00|0.00|0.00|0.00|
|C170|2|PROD007|PARTE SOBRESSALENTE G|15.71|UN|1948.54|5101|41|0.00|12.00|0.00|0.00|0.00|0.00|0.00|0.00|0.00|
|C170|3|PROD002|COMPONENTE ELETRICO B|6.58|UN|317.91|5101|10|297.35|12.00|35.68|0.00|0.00|0.00|0.00|0.00|0.00|
|C100|1|0|12345678000195|55|00|000000301|000|27012024|28012024|53860.58|1754.43|210.53|0.00|0.00|0.00|0.00|0.00|0.00|0.00|0|55512312300010|
|C170|1|PROD007|PARTE SOBRESSALENTE G|24.25|UN|2008.95|5102|00|1754.43|12.00|210.53|0.00|0.00|0.00|0.00|0.00|0.00|
|C170|2|PROD008|CONJUNTO MONTADO H|23.57|UN|30774.41|5102|60|0.00|12.00|0.00|0.00|0.00|0.00|0.00|0.00|0.00|
|C170|3|PROD004|PRODUTO ACABADO D|23.66|UN|21077.22|5102|60|0.00|12.00|0.00|0.00|0.00|0.00|0.00|0.00|0.00|
|C100|1|0|12345678000195|55|00|000000302|000|27012024|29012024|1384.96|0.00|0.00|0.00|0.00|0.00|0.00|0.00|0.00|0.00|0|55512312300010|
|C170|1|PROD005|INSUMO INDUSTRIAL E|17.25|UN|685.67|6101|41|0.00|12.00|0.00|0.00|0.00|0.00|0.00|0.00|0.00|
|C170|2|PROD001|PECA MECANICA TIPO A|4.24|UN|256.55|6101|50|0.00|12.00|0.00|0.00|0.00|0.00|0.00|0.00|0.00|
|C170|3|PROD005|INSUMO INDUSTRIAL E|17.62|UN|442.74|6101|30|0.00|12.00|0.00|0.00|0.00|0.00|0.00|0.00|0.00|
|C100|1|0|12345678000195|55|00|000000303|000|19012024|22012024|8537.34|3139.98|376.80|0.00|0.00|0.00|0.00|0.00|0.00|0.00|0|77788899000177|
|C170|1|PROD001|PECA MECANICA TIPO A|14.30|UN|802.11|5102|51|726.50|12.00|87.18|0.00|0.00|0.00|0.00|0.00|0.00|
|C170|2|PROD007|PARTE SOBRESSALENTE G|41.64|UN|4339.62|5102|30|0.00|12.00|0.00|0.00|0.00|0.00|0.00|0.00|0.00|
|C170|3|PROD003|MATERIAL BRUTO C|9.58|UN|2452.70|5102|00|2159.15|12.00|259.10|0.00|0.00|0.00|0.00|0.00|0.00|
|C170|4|PROD007|PARTE SOBRESSALENTE G|5.54|UN|667.22|5102|41|0.00|12.00|0.00|0.00|0.00|0.00|0.00|0.00|0.00|
|C170|5|PROD006|EMBALAGEM PADRAO F|45.34|UN|275.69|5102|10|254.33|12.00|30.52|0.00|0.00|0.00|0.00|0.00|0.00|
|C100|1|0|12345678000195|55|00|000000304|000|10012024|12012024|6299.62|6039.35|724.72|0.00|0.00|0.00|0.00|0.00|0.00|0.00|0|99900011000155|
|C170|1|PROD007|PARTE SOBRESSALENTE G|46.96|UN|6299.62|5102|00|6039.35|12.00|724.72|0.00|0.00|0.00|0.00|0.00|0.00|
|C100|1|0|12345678000195|55|00|000000305|000|13012024|13012024|6284.54|5579.11|669.49|0.00|0.00|0.00|0.00|0.00|0.00|0.00|0|22244466000133|
|C170|1|PROD008|CONJUNTO MONTADO H|5.27|UN|5408.21|5101|00|5019.29|12.00|602.31|0.00|0.00|0.00|0.00|0.00|0.00|
|C170|2|PROD006|EMBALAGEM PADRAO F|33.29|UN|239.36|5101|40|0.00|12.00|0.00|0.00|0.00|0.00|0.00|0.00|0.00|
|C170|3|PROD005|INSUMO INDUSTRIAL E|16.30|UN|636.97|5101|10|559.82|12.00|67.18|0.00|0.00|0.00|0.00|0.00|0.00|
|C100|1|0|12345678000195|55|00|000000306|000|18012024|20012024|1893.07|0.00|0.00|0.00|0.00|0.00|0.00|0.00|0.00|0.00|0|33366699000100|
|C170|1|PROD003|MATERIAL BRUTO C|8.72|UN|1893.07|5403|70|0.00|12.00|0.00|0.00|0.00|0.00|0.00|0.00|0.00|
|C100|1|0|12345678000195|55|00|000000307|000|17012024|17012024|21537.81|5435.01|652.20|0.00|0.00|0.00|0.00|0.00|0.00|0.00|0|99900011000155|
|C170|1|PROD003|MATERIAL BRUTO C|13.00|UN|2738.13|5102|40|0.00|12.00|0.00|0.00|0.00|0.00|0.00|0.00|0.00|
|C170|2|PROD003|MATERIAL BRUTO C|17.60|UN|4690.75|5102|00|4318.35|12.00|518.20|0.00|0.00|0.00|0.00|0.00|0.00|
|C170|3|PROD002|COMPONENTE ELETRICO B|34.10|UN|1221.77|5102|00|1116.66|12.00|134.00|0.00|0.00|0.00|0.00|0.00|0.00|
|C170|4|PROD006|EMBALAGEM PADRAO F|9.77|UN|89.59|5102|40|0.00|12.00|0.00|0.00|0.00|0.00|0.00|0.00|0.00|
|C170|5|PROD003|MATERIAL BRUTO C|41.97|UN|12797.57|5102|40|0.00|12.00|0.00|0.00|0.00|0.00|0.00|0.00|0.00|
|C100|1|0|12345678000195|55|00|000000308|000|11012024|12012024|47309.84|46265.77|5551.90|0.00|0.00|0.00|0.00|0.00|0.00|0.00|0|33366699000100|
|C170|1|PROD001|PECA MECANICA TIPO A|40.31|UN|3987.15|6102|00|3574.71|12.00|428.97|0.00|0.00|0.00|0.00|0.00|0.00|
|C170|2|PROD008|CONJUNTO MONTADO H|32.58|UN|40283.09|6102|20|39965.55|12.00|4795.87|0.00|0.00|0.00|0.00|0.00|0.00|
|C170|3|PROD007|PARTE SOBRESSALENTE G|8.04|UN|1219.65|6102|00|1103.19|12.00|132.38|0.00|0.00|0.00|0.00|0.00|0.00|
|C170|4|PROD005|INSUMO INDUSTRIAL E|9.98|UN|397.06|6102|10|388.77|12.00|46.65|0.00|0.00|0.00|0.00|0.00|0.00|
|C170|5|PROD001|PECA MECANICA TIPO A|16.91|UN|1422.89|6102|00|1233.55|12.00|148.03|0.00|0.00|0.00|0.00|0.00|0.00|
|C100|1|0|12345678000195|55|00|000000309|000|15012024|16012024|6637.50|6094.23|731.31|0.00|0.00|0.00|0.00|0.00|0.00|0.00|0|22244466000133|
|C170|1|PROD005|INSUMO INDUSTRIAL E|41.06|UN|1499.10|5401|10|1420.27|12.00|170.43|0.00|0.00|0.00|0.00|0.00|0.00|
|C170|2|PROD002|COMPONENTE ELETRICO B|39.83|UN|2361.86|5401|20|2154.05|12.00|258.49|0.00|0.00|0.00|0.00|0.00|0.00|
|C170|3|PROD001|PECA MECANICA TIPO A|31.42|UN|2776.54|5401|90|2519.91|12.00|302.39|0.00|0.00|0.00|0.00|0.00|0.00|
|C100|1|0|12345678000195|55|00|000000310|000|07012024|10012024|9680.05|6593.25|791.19|0.00|0.00|0.00|0.00|0.00|0.00|0.00|0|33366699000100|
|C170|1|PROD007|PARTE SOBRESSALENTE G|46.61|UN|5870.32|5403|20|5511.20|12.00|661.34|0.00|0.00|0.00|0.00|0.00|0.00|
|C170|2|PROD005|INSUMO INDUSTRIAL E|23.68|UN|710.25|5403|50|0.00|12.00|0.00|0.00|0.00|0.00|0.00|0.00|0.00|
|C170|3|PROD002|COMPONENTE ELETRICO B|9.63|UN|795.40|5403|00|689.06|12.00|82.69|0.00|0.00|0.00|0.00|0.00|0.00|
|C170|4|PROD006|EMBALAGEM PADRAO F|40.89|UN|425.25|5403|10|392.99|12.00|47.16|0.00|0.00|0.00|0.00|0.00|0.00|
|C170|5|PROD001|PECA MECANICA TIPO A|33.35|UN|1878.83|5403|50|0.00|12.00|0.00|0.00|0.00|0.00|0.00|0.00|0.00|
|C100|1|0|12345678000195|55|00|000000311|000|29012024|29012024|27276.84|21860.86|2623.30|0.00|0.00|0.00|0.00|0.00|0.00|0.00|0|99900011000155|
|C170|1|PROD004|PRODUTO ACABADO D|31.16|UN|22270.33|5102|00|21860.86|12.00|2623.30|0.00|0.00|0.00|0.00|0.00|0.00|
|C170|2|PROD003|MATERIAL BRUTO C|15.69|UN|5006.51|5102|40|0.00|12.00|0.00|0.00|0.00|0.00|0.00|0.00|0.00|
|C100|1|0|12345678000195|55|00|000000312|000|23012024|25012024|61474.14|57691.15|6922.94|0.00|0.00|0.00|0.00|0.00|0.00|0.00|0|22244466000133|
|C170|1|PROD001|PECA MECANICA TIPO A|19.09|UN|1688.11|5101|00|1612.99|12.00|193.56|0.00|0.00|0.00|0.00|0.00|0.00|
|C170|2|PROD008|CONJUNTO MONTADO H|41.22|UN|39216.74|5101|51|38426.60|12.00|4611.19|0.00|0.00|0.00|0.00|0.00|0.00|
|C170|3|PROD004|PRODUTO ACABADO D|12.53|UN|10485.98|5101|10|9413.46|12.00|1129.62|0.00|0.00|0.00|0.00|0.00|0.00|
|C170|4|PROD002|COMPONENTE ELETRICO B|19.76|UN|1007.41|5101|30|0.00|12.00|0.00|0.00|0.00|0.00|0.00|0.00|0.00|
|C170|5|PROD003|MATERIAL BRUTO C|33.46|UN|9075.90|5101|00|8238.10|12.00|988.57|0.00|0.00|0.00|0.00|0.00|0.00|
|C100|1|0|12345678000195|55|00|000000313|000|27012024|30012024|5127.84|1835.11|220.21|0.00|0.00|0.00|0.00|0.00|0.00|0.00|0|33366699000100|
|C170|1|PROD008|CONJUNTO MONTADO H|4.52|UN|3210.88|5102|40|0.00|12.00|0.00|0.00|0.00|0.00|0.00|0.00|0.00|
|C170|2|PROD006|EMBALAGEM PADRAO F|24.85|UN|200.27|5102|90|172.77|12.00|20.73|0.00|0.00|0.00|0.00|0.00|0.00|
|C170|3|PROD002|COMPONENTE ELETRICO B|32.47|UN|1716.69|5102|20|1662.34|12.00|199.48|0.00|0.00|0.00|0.00|0.00|0.00|
|C100|1|0|12345678000195|55|00|000000314|000|30012024|02022024|29204.51|25763.45|3091.61|0.00|0.00|0.00|0.00|0.00|0.00|0.00|0|99900011000155|
|C170|1|PROD004|PRODUTO ACABADO D|41.18|UN|28196.35|6101|00|25763.45|12.00|3091.61|0.00|0.00|0.00|0.00|0.00|0.00|
|C170|2|PROD004|PRODUTO ACABADO D|1.36|UN|1008.16|6101|40|0.00|12.00|0.00|0.00|0.00|0.00|0.00|0.00|0.00|
|C100|1|0|12345678000195|55|00|000000315|000|09012024|12012024|78894.13|7165.36|859.84|0.00|0.00|0.00|0.00|0.00|0.00|0.00|0|99900011000155|
|C170|1|PROD003|MATERIAL BRUTO C|24.59|UN|7466.30|6101|00|7165.36|12.00|859.84|0.00|0.00|0.00|0.00|0.00|0.00|
|C170|2|PROD008|CONJUNTO MONTADO H|49.20|UN|68310.70|6101|41|0.00|12.00|0.00|0.00|0.00|0.00|0.00|0.00|0.00|
|C170|3|PROD005|INSUMO INDUSTRIAL E|23.78|UN|406.91|6101|60|0.00|12.00|0.00|0.00|0.00|0.00|0.00|0.00|0.00|
|C170|4|PROD006|EMBALAGEM PADRAO F|5.33|UN|44.33|6101|40|0.00|12.00|0.00|0.00|0.00|0.00|0.00|0.00|0.00|
|C170|5|PROD001|PECA MECANICA TIPO A|48.06|UN|2665.89|6101|40|0.00|12.00|0.00|0.00|0.00|0.00|0.00|0.00|0.00|
|C100|1|0|12345678000195|55|00|000000316|000|10012024|10012024|15984.77|2500.34|300.04|0.00|0.00|0.00|0.00|0.00|0.00|0.00|0|99900011000155|
|C170|1|PROD007|PARTE SOBRESSALENTE G|21.63|UN|3392.67|5401|41|0.00|12.00|0.00|0.00|0.00|0.00|0.00|0.00|0.00|
|C170|2|PROD004|PRODUTO ACABADO D|15.17|UN|7842.80|5401|60|0.00|12.00|0.00|0.00|0.00|0.00|0.00|0.00|0.00|
|C170|3|PROD005|INSUMO INDUSTRIAL E|37.72|UN|1306.31|5401|40|0.00|12.00|0.00|0.00|0.00|0.00|0.00|0.00|0.00|
|C170|4|PROD004|PRODUTO ACABADO D|4.01|UN|2915.02|5401|00|2500.34|12.00|300.04|0.00|0.00|0.00|0.00|0.00|0.00|
|C170|5|PROD006|EMBALAGEM PADRAO F|49.53|UN|527.97|5401|40|0.00|12.00|0.00|0.00|0.00|0.00|0.00|0.00|0.00|
|C100|1|0|12345678000195|55|00|000000317|000|16012024|16012024|13216.12|855.82|102.70|0.00|0.00|0.00|0.00|0.00|0.00|0.00|0|33366699000100|
|C170|1|PROD001|PECA MECANICA TIPO A|13.59|UN|1384.92|5102|40|0.00|12.00|0.00|0.00|0.00|0.00|0.00|0.00|0.00|
|C170|2|PROD007|PARTE SOBRESSALENTE G|45.60|UN|6343.32|5102|40|0.00|12.00|0.00|0.00|0.00|0.00|0.00|0.00|0.00|
|C170|3|PROD003|MATERIAL BRUTO C|19.12|UN|4326.82|5102|41|0.00|12.00|0.00|0.00|0.00|0.00|0.00|0.00|0.00|
|C170|4|PROD005|INSUMO INDUSTRIAL E|12.57|UN|249.97|5102|30|0.00|12.00|0.00|0.00|0.00|0.00|0.00|0.00|0.00|
|C170|5|PROD003|MATERIAL BRUTO C|2.62|UN|911.09|5102|90|855.82|12.00|102.70|0.00|0.00|0.00|0.00|0.00|0.00|
|C100|1|0|12345678000195|55|00|000000318|000|27012024|30012024|24477.83|19221.05|2306.53|0.00|0.00|0.00|0.00|0.00|0.00|0.00|0|77788899000177|
|C170|1|PROD002|COMPONENTE ELETRICO B|36.98|UN|1811.48|5403|40|0.00|12.00|0.00|0.00|0.00|0.00|0.00|0.00|0.00|
|C170|2|PROD004|PRODUTO ACABADO D|38.02|UN|21126.40|5403|00|19221.05|12.00|2306.53|0.00|0.00|0.00|0.00|0.00|0.00|
|C170|3|PROD006|EMBALAGEM PADRAO F|15.77|UN|161.14|5403|41|0.00|12.00|0.00|0.00|0.00|0.00|0.00|0.00|0.00|
|C170|4|PROD002|COMPONENTE ELETRICO B|27.09|UN|1378.81|5403|40|0.00|12.00|0.00|0.00|0.00|0.00|0.00|0.00|0.00|
|C100|1|0|12345678000195|55|00|000000319|000|09012024|10012024|77554.14|72849.05|8741.88|0.00|0.00|0.00|0.00|0.00|0.00|0.00|0|22244466000133|
|C170|1|PROD001|PECA MECANICA TIPO A|48.13|UN|4706.72|6101|00|4648.62|12.00|557.83|0.00|0.00|0.00|0.00|0.00|0.00|
|C170|2|PROD008|CONJUNTO MONTADO H|32.23|UN|44138.98|6101|20|43596.35|12.00|5231.56|0.00|0.00|0.00|0.00|0.00|0.00|
|C170|3|PROD004|PRODUTO ACABADO D|43.06|UN|28452.53|6101|00|24604.08|12.00|2952.49|0.00|0.00|0.00|0.00|0.00|0.00|
|C170|4|PROD006|EMBALAGEM PADRAO F|33.06|UN|255.91|6101|41|0.00|12.00|0.00|0.00|0.00|0.00|0.00|0.00|0.00|
|C100|1|0|12345678000195|55|00|000000320|000|24012024|25012024|34291.29|30253.71|3630.45|0.00|0.00|0.00|0.00|0.00|0.00|0.00|0|77788899000177|
|C170|1|PROD006|EMBALAGEM PADRAO F|1.52|UN|7.68|6101|00|7.00|12.00|0.84|0.00|0.00|0.00|0.00|0.00|0.00|
|C170|2|PROD008|CONJUNTO MONTADO H|26.74|UN|31546.83|6101|10|30246.71|12.00|3629.61|0.00|0.00|0.00|0.00|0.00|0.00|
|C170|3|PROD003|MATERIAL BRUTO C|13.34|UN|2736.78|6101|40|0.00|12.00|0.00|0.00|0.00|0.00|0.00|0.00|0.00|
|C100|1|0|12345678000195|55|00|000000321|000|31012024|01022024|75.67|71.77|8.61|0.00|0.00|0.00|0.00|0.00|0.00|0.00|0|55512312300010|
|C170|1|PROD006|EMBALAGEM PADRAO F|6.88|UN|75.67|6101|00|71.77|12.00|8.61|0.00|0.00|0.00|0.00|0.00|0.00|
|C100|1|0|12345678000195|55|00|000000322|000|26012024|27012024|24118.06|0.00|0.00|0.00|0.00|0.00|0.00|0.00|0.00|0.00|0|99900011000155|
|C170|1|PROD003|MATERIAL BRUTO C|46.87|UN|13865.97|5101|60|0.00|12.00|0.00|0.00|0.00|0.00|0.00|0.00|0.00|
|C170|2|PROD004|PRODUTO ACABADO D|14.54|UN|10252.09|5101|60|0.00|12.00|0.00|0.00|0.00|0.00|0.00|0.00|0.00|
|C100|1|0|12345678000195|55|00|000000323|000|09012024|10012024|27016.78|3140.56|376.86|0.00|0.00|0.00|0.00|0.00|0.00|0.00|0|33366699000100|
|C170|1|PROD007|PARTE SOBRESSALENTE G|3.94|UN|616.88|5101|00|565.12|12.00|67.81|0.00|0.00|0.00|0.00|0.00|0.00|
|C170|2|PROD004|PRODUTO ACABADO D|25.09|UN|23731.90|5101|40|0.00|12.00|0.00|0.00|0.00|0.00|0.00|0.00|0.00|
|C170|3|PROD003|MATERIAL BRUTO C|9.74|UN|2668.00|5101|00|2575.44|12.00|309.05|0.00|0.00|0.00|0.00|0.00|0.00|
|C100|1|0|12345678000195|55|00|000000324|000|20012024|20012024|2609.66|0.00|0.00|0.00|0.00|0.00|0.00|0.00|0.00|0.00|0|77788899000177|
|C170|1|PROD001|PECA MECANICA TIPO A|13.28|UN|1078.39|5403|60|0.00|12.00|0.00|0.00|0.00|0.00|0.00|0.00|0.00|
|C170|2|PROD001|PECA MECANICA TIPO A|8.29|UN|786.44|5403|70|0.00|12.00|0.00|0.00|0.00|0.00|0.00|0.00|0.00|
|C170|3|PROD005|INSUMO INDUSTRIAL E|33.57|UN|744.83|5403|40|0.00|12.00|0.00|0.00|0.00|0.00|0.00|0.00|0.00|
|C100|1|0|12345678000195|55|00|000000325|000|19012024|19012024|31518.39|9309.24|1117.11|0.00|0.00|0.00|0.00|0.00|0.00|0.00|0|22244466000133|
|C170|1|PROD004|PRODUTO ACABADO D|4.43|UN|2698.30|6101|10|2572.53|12.00|308.70|0.00|0.00|0.00|0.00|0.00|0.00|
|C170|2|PROD004|PRODUTO ACABADO D|39.21|UN|21887.35|6101|30|0.00|12.00|0.00|0.00|0.00|0.00|0.00|0.00|0.00|
|C170|3|PROD006|EMBALAGEM PADRAO F|49.59|UN|363.48|6101|10|311.97|12.00|37.44|0.00|0.00|0.00|0.00|0.00|0.00|
|C170|4|PROD007|PARTE SOBRESSALENTE G|49.85|UN|6569.26|6101|10|6424.74|12.00|770.97|0.00|0.00|0.00|0.00|0.00|0.00|
|C100|1|0|12345678000195|55|00|000000326|000|03012024|06012024|5032.50|3648.85|437.86|0.00|0.00|0.00|0.00|0.00|0.00|0.00|0|33366699000100|
|C170|1|PROD002|COMPONENTE ELETRICO B|19.82|UN|803.07|5401|40|0.00|12.00|0.00|0.00|0.00|0.00|0.00|0.00|0.00|
|C170|2|PROD001|PECA MECANICA TIPO A|44.93|UN|4229.43|5401|10|3648.85|12.00|437.86|0.00|0.00|0.00|0.00|0.00|0.00|
|C100|1|0|12345678000195|55|00|000000327|000|24012024|25012024|2270.68|1951.53|234.18|0.00|0.00|0.00|0.00|0.00|0.00|0.00|0|22244466000133|
|C170|1|PROD002|COMPONENTE ELETRICO B|36.27|UN|2270.68|5102|20|1951.53|12.00|234.18|0.00|0.00|0.00|0.00|0.00|0.00|
|C100|1|0|12345678000195|55|00|000000328|000|21012024|23012024|77850.75|18640.45|2236.85|0.00|0.00|0.00|0.00|0.00|0.00|0.00|0|99900011000155|
|C170|1|PROD008|CONJUNTO MONTADO H|17.55|UN|21140.25|5403|20|18640.45|12.00|2236.85|0.00|0.00|0.00|0.00|0.00|0.00|
|C170|2|PROD007|PARTE SOBRESSALENTE G|33.04|UN|4025.80|5403|70|0.00|12.00|0.00|0.00|0.00|0.00|0.00|0.00|0.00|
|C170|3|PROD008|CONJUNTO MONTADO H|43.64|UN|46938.75|5403|40|0.00|12.00|0.00|0.00|0.00|0.00|0.00|0.00|0.00|
|C170|4|PROD001|PECA MECANICA TIPO A|12.42|UN|683.38|5403|40|0.00|12.00|0.00|0.00|0.00|0.00|0.00|0.00|0.00|
|C170|5|PROD003|MATERIAL BRUTO C|24.96|UN|5062.57|5403|60|0.00|12.00|0.00|0.00|0.00|0.00|0.00|0.00|0.00|
|C100|1|0|12345678000195|55|00|000000329|000|02012024|03012024|5099.02|4586.46|550.38|0.00|0.00|0.00|0.00|0.00|0.00|0.00|0|99900011000155|
|C170|1|PROD001|PECA MECANICA TIPO A|45.33|UN|4870.49|6102|00|4586.46|12.00|550.38|0.00|0.00|0.00|0.00|0.00|0.00|
|C170|2|PROD006|EMBALAGEM PADRAO F|41.93|UN|228.53|6102|50|0.00|12.00|0.00|0.00|0.00|0.00|0.00|0.00|0.00|
|C100|1|0|12345678000195|55|00|000000330|000|16012024|17012024|43219.64|40413.82|4849.66|0.00|0.00|0.00|0.00|0.00|0.00|0.00|0|55512312300010|
|C170|1|PROD004|PRODUTO ACABADO D|49.13|UN|40560.73|5101|10|40413.82|12.00|4849.66|0.00|0.00|0.00|0.00|0.00|0.00|
|C170|2|PROD007|PARTE SOBRESSALENTE G|29.22|UN|2658.91|5101|50|0.00|12.00|0.00|0.00|0.00|0.00|0.00|0.00|0.00|
|C100|1|0|12345678000195|55|00|000000331|000|25012024|25012024|4346.76|0.00|0.00|0.00|0.00|0.00|0.00|0.00|0.00|0.00|0|77788899000177|
|C170|1|PROD003|MATERIAL BRUTO C|7.92|UN|2077.44|6101|40|0.00|12.00|0.00|0.00|0.00|0.00|0.00|0.00|0.00|
|C170|2|PROD001|PECA MECANICA TIPO A|28.12|UN|2269.32|6101|60|0.00|12.00|0.00|0.00|0.00|0.00|0.00|0.00|0.00|
|C100|1|0|12345678000195|55|00|000000332|000|05012024|05012024|63696.06|18558.46|2227.01|0.00|0.00|0.00|0.00|0.00|0.00|0.00|0|55512312300010|
|C170|1|PROD004|PRODUTO ACABADO D|46.38|UN|38924.79|6102|40|0.00|12.00|0.00|0.00|0.00|0.00|0.00|0.00|0.00|
|C170|2|PROD002|COMPONENTE ELETRICO B|14.90|UN|1015.49|6102|41|0.00|12.00|0.00|0.00|0.00|0.00|0.00|0.00|0.00|
|C170|3|PROD008|CONJUNTO MONTADO H|24.32|UN|19188.05|6102|00|17089.69|12.00|2050.76|0.00|0.00|0.00|0.00|0.00|0.00|
|C170|4|PROD001|PECA MECANICA TIPO A|23.07|UN|1539.99|6102|00|1468.77|12.00|176.25|0.00|0.00|0.00|0.00|0.00|0.00|
|C170|5|PROD001|PECA MECANICA TIPO A|30.22|UN|3027.74|6102|40|0.00|12.00|0.00|0.00|0.00|0.00|0.00|0.00|0.00|
|C100|1|0|12345678000195|55|00|000000333|000|21012024|23012024|5315.61|3486.42|418.37|0.00|0.00|0.00|0.00|0.00|0.00|0.00|0|55512312300010|
|C170|1|PROD001|PECA MECANICA TIPO A|5.69|UN|428.55|5401|41|0.00|12.00|0.00|0.00|0.00|0.00|0.00|0.00|0.00|
|C170|2|PROD002|COMPONENTE ELETRICO B|27.45|UN|1154.38|5401|41|0.00|12.00|0.00|0.00|0.00|0.00|0.00|0.00|0.00|
|C170|3|PROD001|PECA MECANICA TIPO A|33.31|UN|2309.84|5401|00|2239.37|12.00|268.72|0.00|0.00|0.00|0.00|0.00|0.00|
|C170|4|PROD005|INSUMO INDUSTRIAL E|34.58|UN|1422.84|5401|20|1247.05|12.00|149.65|0.00|0.00|0.00|0.00|0.00|0.00|
|C100|1|0|12345678000195|55|00|000000334|000|02012024|04012024|45438.48|33592.03|4031.04|0.00|0.00|0.00|0.00|0.00|0.00|0.00|0|55512312300010|
|C170|1|PROD004|PRODUTO ACABADO D|40.45|UN|34953.01|5401|00|33592.03|12.00|4031.04|0.00|0.00|0.00|0.00|0.00|0.00|
|C170|2|PROD003|MATERIAL BRUTO C|46.32|UN|10485.47|5401|41|0.00|12.00|0.00|0.00|0.00|0.00|0.00|0.00|0.00|
|C100|1|0|12345678000195|55|00|000000335|000|17012024|17012024|719.49|528.36|63.40|0.00|0.00|0.00|0.00|0.00|0.00|0.00|0|22244466000133|
|C170|1|PROD006|EMBALAGEM PADRAO F|16.97|UN|108.46|5101|40|0.00|12.00|0.00|0.00|0.00|0.00|0.00|0.00|0.00|
|C170|2|PROD005|INSUMO INDUSTRIAL E|16.96|UN|611.03|5101|10|528.36|12.00|63.40|0.00|0.00|0.00|0.00|0.00|0.00|
|C100|1|0|12345678000195|55|00|000000336|000|28012024|29012024|538.81|492.05|59.05|0.00|0.00|0.00|0.00|0.00|0.00|0.00|0|22244466000133|
|C170|1|PROD001|PECA MECANICA TIPO A|3.66|UN|294.91|5403|00|277.63|12.00|33.32|0.00|0.00|0.00|0.00|0.00|0.00|
|C170|2|PROD005|INSUMO INDUSTRIAL E|9.72|UN|243.90|5403|20|214.42|12.00|25.73|0.00|0.00|0.00|0.00|0.00|0.00|
|C100|1|0|12345678000195|55|00|000000337|000|09012024|10012024|1653.35|1477.66|177.32|0.00|0.00|0.00|0.00|0.00|0.00|0.00|0|33366699000100|
|C170|1|PROD001|PECA MECANICA TIPO A|14.75|UN|852.25|5401|20|777.88|12.00|93.35|0.00|0.00|0.00|0.00|0.00|0.00|
|C170|2|PROD005|INSUMO INDUSTRIAL E|38.26|UN|801.10|5401|00|699.78|12.00|83.97|0.00|0.00|0.00|0.00|0.00|0.00|
|C100|1|0|12345678000195|55|00|000000338|000|29012024|30012024|41778.02|13008.89|1561.07|0.00|0.00|0.00|0.00|0.00|0.00|0.00|0|99900011000155|
|C170|1|PROD007|PARTE SOBRESSALENTE G|29.99|UN|4406.89|6101|00|4228.42|12.00|507.41|0.00|0.00|0.00|0.00|0.00|0.00|
|C170|2|PROD001|PECA MECANICA TIPO A|37.07|UN|2493.90|6101|10|2336.58|12.00|280.39|0.00|0.00|0.00|0.00|0.00|0.00|
|C170|3|PROD007|PARTE SOBRESSALENTE G|44.70|UN|5691.97|6101|00|5328.00|12.00|639.36|0.00|0.00|0.00|0.00|0.00|0.00|
|C170|4|PROD004|PRODUTO ACABADO D|1.25|UN|1212.14|6101|00|1115.89|12.00|133.91|0.00|0.00|0.00|0.00|0.00|0.00|
|C170|5|PROD008|CONJUNTO MONTADO H|38.66|UN|27973.12|6101|30|0.00|12.00|0.00|0.00|0.00|0.00|0.00|0.00|0.00|
|C100|1|0|12345678000195|55|00|000000339|000|26012024|26012024|6760.62|6286.43|754.37|0.00|0.00|0.00|0.00|0.00|0.00|0.00|0|22244466000133|
|C170|1|PROD002|COMPONENTE ELETRICO B|47.55|UN|1773.50|5403|00|1679.76|12.00|201.57|0.00|0.00|0.00|0.00|0.00|0.00|
|C170|2|PROD005|INSUMO INDUSTRIAL E|5.45|UN|152.22|5403|10|145.45|12.00|17.45|0.00|0.00|0.00|0.00|0.00|0.00|
|C170|3|PROD001|PECA MECANICA TIPO A|43.04|UN|4403.22|5403|00|4043.15|12.00|485.18|0.00|0.00|0.00|0.00|0.00|0.00|
|C170|4|PROD006|EMBALAGEM PADRAO F|38.82|UN|431.68|5403|20|418.07|12.00|50.17|0.00|0.00|0.00|0.00|0.00|0.00|
|C100|1|0|12345678000195|55|00|000000340|000|21012024|24012024|676.16|578.05|69.37|0.00|0.00|0.00|0.00|0.00|0.00|0.00|0|33366699000100|
|C170|1|PROD007|PARTE SOBRESSALENTE G|4.46|UN|676.16|6102|10|578.05|12.00|69.37|0.00|0.00|0.00|0.00|0.00|0.00|
|C100|1|0|12345678000195|55|00|000000341|000|25012024|27012024|19499.29|18081.06|2169.72|0.00|0.00|0.00|0.00|0.00|0.00|0.00|0|22244466000133|
|C170|1|PROD005|INSUMO INDUSTRIAL E|37.05|UN|610.62|6102|70|0.00|12.00|0.00|0.00|0.00|0.00|0.00|0.00|0.00|
|C170|2|PROD007|PARTE SOBRESSALENTE G|34.06|UN|5144.12|6102|00|4654.60|12.00|558.55|0.00|0.00|0.00|0.00|0.00|0.00|
|C170|3|PROD007|PARTE SOBRESSALENTE G|31.34|UN|3423.68|6102|00|3197.10|12.00|383.65|0.00|0.00|0.00|0.00|0.00|0.00|
|C170|4|PROD001|PECA MECANICA TIPO A|4.28|UN|426.80|6102|00|425.60|12.00|51.07|0.00|0.00|0.00|0.00|0.00|0.00|
|C170|5|PROD008|CONJUNTO MONTADO H|12.69|UN|9894.07|6102|20|9803.76|12.00|1176.45|0.00|0.00|0.00|0.00|0.00|0.00|
|C100|1|0|12345678000195|55|00|000000342|000|28012024|29012024|31113.85|6127.49|735.30|0.00|0.00|0.00|0.00|0.00|0.00|0.00|0|99900011000155|
|C170|1|PROD003|MATERIAL BRUTO C|25.68|UN|6763.82|6102|00|6127.49|12.00|735.30|0.00|0.00|0.00|0.00|0.00|0.00|
|C170|2|PROD008|CONJUNTO MONTADO H|23.17|UN|24350.03|6102|50|0.00|12.00|0.00|0.00|0.00|0.00|0.00|0.00|0.00|
|C100|1|0|12345678000195|55|00|000000343|000|23012024|25012024|85803.83|81954.93|9834.60|0.00|0.00|0.00|0.00|0.00|0.00|0.00|0|22244466000133|
|C170|1|PROD003|MATERIAL BRUTO C|10.23|UN|3402.17|5403|00|3091.22|12.00|370.95|0.00|0.00|0.00|0.00|0.00|0.00|
|C170|2|PROD006|EMBALAGEM PADRAO F|9.76|UN|114.31|5403|00|99.99|12.00|12.00|0.00|0.00|0.00|0.00|0.00|0.00|
|C170|3|PROD006|EMBALAGEM PADRAO F|6.49|UN|39.19|5403|00|34.51|12.00|4.14|0.00|0.00|0.00|0.00|0.00|0.00|
|C170|4|PROD008|CONJUNTO MONTADO H|47.65|UN|34113.83|5403|20|32488.66|12.00|3898.64|0.00|0.00|0.00|0.00|0.00|0.00|
|C170|5|PROD008|CONJUNTO MONTADO H|46.65|UN|48134.33|5403|20|46240.55|12.00|5548.87|0.00|0.00|0.00|0.00|0.00|0.00|
|C100|1|0|12345678000195|55|00|000000344|000|10012024|11012024|1929.43|0.00|0.00|0.00|0.00|0.00|0.00|0.00|0.00|0.00|0|55512312300010|
|C170|1|PROD007|PARTE SOBRESSALENTE G|12.38|UN|1929.43|5101|40|0.00|12.00|0.00|0.00|0.00|0.00|0.00|0.00|0.00|
|C100|1|0|12345678000195|55|00|000000345|000|19012024|21012024|20690.68|296.25|35.55|0.00|0.00|0.00|0.00|0.00|0.00|0.00|0|22244466000133|
|C170|1|PROD004|PRODUTO ACABADO D|27.88|UN|20065.54|6102|40|0.00|12.00|0.00|0.00|0.00|0.00|0.00|0.00|0.00|
|C170|2|PROD006|EMBALAGEM PADRAO F|45.02|UN|321.86|6102|41|0.00|12.00|0.00|0.00|0.00|0.00|0.00|0.00|0.00|
|C170|3|PROD005|INSUMO INDUSTRIAL E|12.11|UN|303.28|6102|00|296.25|12.00|35.55|0.00|0.00|0.00|0.00|0.00|0.00|
|C100|1|0|12345678000195|55|00|000000346|000|12012024|14012024|3883.33|3417.04|410.04|0.00|0.00|0.00|0.00|0.00|0.00|0.00|0|77788899000177|
|C170|1|PROD005|INSUMO INDUSTRIAL E|27.23|UN|542.44|5403|00|518.69|12.00|62.24|0.00|0.00|0.00|0.00|0.00|0.00|
|C170|2|PROD002|COMPONENTE ELETRICO B|45.33|UN|3340.89|5403|00|2898.35|12.00|347.80|0.00|0.00|0.00|0.00|0.00|0.00|
|C100|1|0|12345678000195|55|00|000000347|000|19012024|20012024|15033.38|13161.70|1579.41|0.00|0.00|0.00|0.00|0.00|0.00|0.00|0|33366699000100|
|C170|1|PROD003|MATERIAL BRUTO C|33.61|UN|11653.28|5403|00|10689.14|12.00|1282.70|0.00|0.00|0.00|0.00|0.00|0.00|
|C170|2|PROD002|COMPONENTE ELETRICO B|48.80|UN|2896.16|5403|00|2472.56|12.00|296.71|0.00|0.00|0.00|0.00|0.00|0.00|
|C170|3|PROD006|EMBALAGEM PADRAO F|46.62|UN|483.94|5403|70|0.00|12.00|0.00|0.00|0.00|0.00|0.00|0.00|0.00|
|C100|1|0|12345678000195|55|00|000000348|000|05012024|05012024|97841.25|0.00|0.00|0.00|0.00|0.00|0.00|0.00|0.00|0.00|0|33366699000100|
|C170|1|PROD008|CONJUNTO MONTADO H|47.26|UN|65519.50|6102|40|0.00|12.00|0.00|0.00|0.00|0.00|0.00|0.00|0.00|
|C170|2|PROD003|MATERIAL BRUTO C|8.21|UN|2337.19|6102|60|0.00|12.00|0.00|0.00|0.00|0.00|0.00|0.00|0.00|
|C170|3|PROD006|EMBALAGEM PADRAO F|22.66|UN|222.55|6102|40|0.00|12.00|0.00|0.00|0.00|0.00|0.00|0.00|0.00|
|C170|4|PROD004|PRODUTO ACABADO D|45.11|UN|25573.19|6102|40|0.00|12.00|0.00|0.00|0.00|0.00|0.00|0.00|0.00|
|C170|5|PROD003|MATERIAL BRUTO C|16.10|UN|4188.82|6102|50|0.00|12.00|0.00|0.00|0.00|0.00|0.00|0.00|0.00|
|C100|1|0|12345678000195|55|00|000000349|000|12012024|12012024|308.52|0.00|0.00|0.00|0.00|0.00|0.00|0.00|0.00|0.00|0|22244466000133|
|C170|1|PROD005|INSUMO INDUSTRIAL E|10.56|UN|308.52|5401|41|0.00|12.00|0.00|0.00|0.00|0.00|0.00|0.00|0.00|
|C100|1|0|12345678000195|55|00|000000350|000|07012024|07012024|51550.40|19243.08|2309.17|0.00|0.00|0.00|0.00|0.00|0.00|0.00|0|33366699000100|
|C170|1|PROD007|PARTE SOBRESSALENTE G|25.03|UN|3210.48|5101|30|0.00|12.00|0.00|0.00|0.00|0.00|0.00|0.00|0.00|
|C170|2|PROD006|EMBALAGEM PADRAO F|3.75|UN|36.22|5101|10|34.68|12.00|4.16|0.00|0.00|0.00|0.00|0.00|0.00|
|C170|3|PROD008|CONJUNTO MONTADO H|21.95|UN|21301.53|5101|00|19208.40|12.00|2305.01|0.00|0.00|0.00|0.00|0.00|0.00|
|C170|4|PROD008|CONJUNTO MONTADO H|16.10|UN|16287.54|5101|40|0.00|12.00|0.00|0.00|0.00|0.00|0.00|0.00|0.00|
|C170|5|PROD004|PRODUTO ACABADO D|11.57|UN|10714.63|5101|40|0.00|12.00|0.00|0.00|0.00|0.00|0.00|0.00|0.00|
|C100|1|0|12345678000195|55|00|000000351|000|26012024|29012024|7713.98|7421.82|890.62|0.00|0.00|0.00|0.00|0.00|0.00|0.00|0|22244466000133|
|C170|1|PROD007|PARTE SOBRESSALENTE G|21.77|UN|3302.42|5401|00|3097.92|12.00|371.75|0.00|0.00|0.00|0.00|0.00|0.00|
|C170|2|PROD008|CONJUNTO MONTADO H|5.22|UN|4411.56|5401|20|4323.90|12.00|518.87|0.00|0.00|0.00|0.00|0.00|0.00|
|C100|1|0|12345678000195|55|00|000000352|000|03012024|06012024|32017.02|0.00|0.00|0.00|0.00|0.00|0.00|0.00|0.00|0.00|0|33366699000100|
|C170|1|PROD004|PRODUTO ACABADO D|45.81|UN|32017.02|5101|40|0.00|12.00|0.00|0.00|0.00|0.00|0.00|0.00|0.00|
|C100|1|0|12345678000195|55|00|000000353|000|25012024|26012024|11491.31|11018.61|1322.23|0.00|0.00|0.00|0.00|0.00|0.00|0.00|0|99900011000155|
|C170|1|PROD007|PARTE SOBRESSALENTE G|25.04|UN|3651.19|5102|10|3424.02|12.00|410.88|0.00|0.00|0.00|0.00|0.00|0.00|
|C170|2|PROD003|MATERIAL BRUTO C|25.21|UN|7840.12|5102|00|7594.59|12.00|911.35|0.00|0.00|0.00|0.00|0.00|0.00|
|C100|1|0|12345678000195|55|00|000000354|000|09012024|11012024|12606.60|8697.61|1043.71|0.00|0.00|0.00|0.00|0.00|0.00|0.00|0|77788899000177|
|C170|1|PROD001|PECA MECANICA TIPO A|45.43|UN|4322.50|6102|00|4169.95|12.00|500.39|0.00|0.00|0.00|0.00|0.00|0.00|
|C170|2|PROD006|EMBALAGEM PADRAO F|25.16|UN|296.62|6102|40|0.00|12.00|0.00|0.00|0.00|0.00|0.00|0.00|0.00|
|C170|3|PROD003|MATERIAL BRUTO C|18.73|UN|5094.78|6102|20|4527.66|12.00|543.32|0.00|0.00|0.00|0.00|0.00|0.00|
|C170|4|PROD002|COMPONENTE ELETRICO B|34.61|UN|2892.70|6102|50|0.00|12.00|0.00|0.00|0.00|0.00|0.00|0.00|0.00|
|C100|1|0|12345678000195|55|00|000000355|000|17012024|17012024|2010.61|682.48|81.90|0.00|0.00|0.00|0.00|0.00|0.00|0.00|0|33366699000100|
|C170|1|PROD005|INSUMO INDUSTRIAL E|23.59|UN|795.49|5401|10|682.48|12.00|81.90|0.00|0.00|0.00|0.00|0.00|0.00|
|C170|2|PROD002|COMPONENTE ELETRICO B|18.70|UN|1215.12|5401|70|0.00|12.00|0.00|0.00|0.00|0.00|0.00|0.00|0.00|
|C100|1|0|12345678000195|55|00|000000356|000|10012024|12012024|769.19|740.65|88.88|0.00|0.00|0.00|0.00|0.00|0.00|0.00|0|55512312300010|
|C170|1|PROD005|INSUMO INDUSTRIAL E|38.56|UN|769.19|6101|00|740.65|12.00|88.88|0.00|0.00|0.00|0.00|0.00|0.00|
|C100|1|0|12345678000195|55|00|000000357|000|11012024|13012024|9117.12|6134.43|736.14|0.00|0.00|0.00|0.00|0.00|0.00|0.00|0|99900011000155|
|C170|1|PROD003|MATERIAL BRUTO C|27.19|UN|6871.24|6102|00|5981.71|12.00|717.81|0.00|0.00|0.00|0.00|0.00|0.00|
|C170|2|PROD006|EMBALAGEM PADRAO F|14.79|UN|154.55|6102|20|152.72|12.00|18.33|0.00|0.00|0.00|0.00|0.00|0.00|
|C170|3|PROD003|MATERIAL BRUTO C|8.99|UN|2091.33|6102|30|0.00|12.00|0.00|0.00|0.00|0.00|0.00|0.00|0.00|
|C100|1|0|12345678000195|55|00|000000358|000|26012024|26012024|30226.65|27350.53|3282.06|0.00|0.00|0.00|0.00|0.00|0.00|0.00|0|77788899000177|
|C170|1|PROD008|CONJUNTO MONTADO H|18.06|UN|21380.71|5403|00|19590.95|12.00|2350.91|0.00|0.00|0.00|0.00|0.00|0.00|
|C170|2|PROD001|PECA MECANICA TIPO A|49.39|UN|4278.34|5403|90|3747.10|12.00|449.65|0.00|0.00|0.00|0.00|0.00|0.00|
|C170|3|PROD002|COMPONENTE ELETRICO B|15.93|UN|1130.23|5403|00|982.52|12.00|117.90|0.00|0.00|0.00|0.00|0.00|0.00|
|C170|4|PROD001|PECA MECANICA TIPO A|35.02|UN|3437.37|5403|10|3029.96|12.00|363.60|0.00|0.00|0.00|0.00|0.00|0.00|
|C100|1|0|12345678000195|55|00|000000359|000|14012024|14012024|3178.29|3079.63|369.56|0.00|0.00|0.00|0.00|0.00|0.00|0.00|0|55512312300010|
|C170|1|PROD007|PARTE SOBRESSALENTE G|38.11|UN|3178.29|5101|00|3079.63|12.00|369.56|0.00|0.00|0.00|0.00|0.00|0.00|
|C100|1|0|12345678000195|55|00|000000360|000|19012024|19012024|2843.70|2458.31|295.00|0.00|0.00|0.00|0.00|0.00|0.00|0.00|0|99900011000155|
|C170|1|PROD008|CONJUNTO MONTADO H|3.12|UN|2843.70|5403|00|2458.31|12.00|295.00|0.00|0.00|0.00|0.00|0.00|0.00|
|C100|1|0|12345678000195|55|00|000000361|000|30012024|31012024|12393.16|11079.20|1329.50|0.00|0.00|0.00|0.00|0.00|0.00|0.00|0|55512312300010|
|C170|1|PROD002|COMPONENTE ELETRICO B|5.45|UN|416.88|6101|70|0.00|12.00|0.00|0.00|0.00|0.00|0.00|0.00|0.00|
|C170|2|PROD003|MATERIAL BRUTO C|47.49|UN|11976.28|6101|00|11079.20|12.00|1329.50|0.00|0.00|0.00|0.00|0.00|0.00|
|C100|1|0|12345678000195|55|00|000000362|000|08012024|08012024|14527.26|9043.34|1085.20|0.00|0.00|0.00|0.00|0.00|0.00|0.00|0|99900011000155|
|C170|1|PROD007|PARTE SOBRESSALENTE G|37.95|UN|3049.04|5101|40|0.00|12.00|0.00|0.00|0.00|0.00|0.00|0.00|0.00|
|C170|2|PROD005|INSUMO INDUSTRIAL E|46.29|UN|1844.54|5101|51|1699.20|12.00|203.90|0.00|0.00|0.00|0.00|0.00|0.00|
|C170|3|PROD006|EMBALAGEM PADRAO F|35.21|UN|221.82|5101|40|0.00|12.00|0.00|0.00|0.00|0.00|0.00|0.00|0.00|
|C170|4|PROD008|CONJUNTO MONTADO H|6.26|UN|8038.56|5101|90|7344.14|12.00|881.30|0.00|0.00|0.00|0.00|0.00|0.00|
|C170|5|PROD002|COMPONENTE ELETRICO B|26.20|UN|1373.30|5101|41|0.00|12.00|0.00|0.00|0.00|0.00|0.00|0.00|0.00|
|C100|1|0|12345678000195|55|00|000000363|000|04012024|07012024|5712.03|4146.46|497.57|0.00|0.00|0.00|0.00|0.00|0.00|0.00|0|33366699000100|
|C170|1|PROD002|COMPONENTE ELETRICO B|17.08|UN|620.96|5101|00|583.74|12.00|70.05|0.00|0.00|0.00|0.00|0.00|0.00|
|C170|2|PROD007|PARTE SOBRESSALENTE G|16.29|UN|2574.97|5101|20|2402.67|12.00|288.32|0.00|0.00|0.00|0.00|0.00|0.00|
|C170|3|PROD006|EMBALAGEM PADRAO F|15.24|UN|167.48|5101|00|144.11|12.00|17.29|0.00|0.00|0.00|0.00|0.00|0.00|
|C170|4|PROD005|INSUMO INDUSTRIAL E|42.21|UN|1175.18|5101|40|0.00|12.00|0.00|0.00|0.00|0.00|0.00|0.00|0.00|
|C170|5|PROD001|PECA MECANICA TIPO A|9.79|UN|1173.44|5101|20|1015.94|12.00|121.91|0.00|0.00|0.00|0.00|0.00|0.00|
|C100|1|0|12345678000195|55|00|000000364|000|17012024|17012024|41923.85|61.58|7.39|0.00|0.00|0.00|0.00|0.00|0.00|0.00|0|22244466000133|
|C170|1|PROD004|PRODUTO ACABADO D|48.90|UN|41853.88|5101|60|0.00|12.00|0.00|0.00|0.00|0.00|0.00|0.00|0.00|
|C170|2|PROD006|EMBALAGEM PADRAO F|9.27|UN|69.97|5101|00|61.58|12.00|7.39|0.00|0.00|0.00|0.00|0.00|0.00|
|C100|1|0|12345678000195|55|00|000000365|000|04012024|05012024|19700.76|17702.82|2124.33|0.00|0.00|0.00|0.00|0.00|0.00|0.00|0|22244466000133|
|C170|1|PROD003|MATERIAL BRUTO C|39.69|UN|11769.38|5403|20|10844.00|12.00|1301.28|0.00|0.00|0.00|0.00|0.00|0.00|
|C170|2|PROD006|EMBALAGEM PADRAO F|30.55|UN|239.25|5403|20|213.37|12.00|25.60|0.00|0.00|0.00|0.00|0.00|0.00|
|C170|3|PROD005|INSUMO INDUSTRIAL E|38.63|UN|692.29|5403|00|640.09|12.00|76.81|0.00|0.00|0.00|0.00|0.00|0.00|
|C170|4|PROD003|MATERIAL BRUTO C|31.79|UN|6999.84|5403|00|6005.36|12.00|720.64|0.00|0.00|0.00|0.00|0.00|0.00|
|C100|1|0|12345678000195|55|00|000000366|000|16012024|16012024|15702.07|6268.51|752.22|0.00|0.00|0.00|0.00|0.00|0.00|0.00|0|55512312300010|
|C170|1|PROD005|INSUMO INDUSTRIAL E|38.25|UN|1256.45|5102|30|0.00|12.00|0.00|0.00|0.00|0.00|0.00|0.00|0.00|
|C170|2|PROD003|MATERIAL BRUTO C|25.12|UN|6779.08|5102|00|6268.51|12.00|752.22|0.00|0.00|0.00|0.00|0.00|0.00|
|C170|3|PROD003|MATERIAL BRUTO C|25.73|UN|7241.06|5102|50|0.00|12.00|0.00|0.00|0.00|0.00|0.00|0.00|0.00|
|C170|4|PROD005|INSUMO INDUSTRIAL E|27.49|UN|425.48|5102|41|0.00|12.00|0.00|0.00|0.00|0.00|0.00|0.00|0.00|
|C100|1|0|12345678000195|55|00|000000367|000|29012024|29012024|40481.17|8894.30|1067.32|0.00|0.00|0.00|0.00|0.00|0.00|0.00|0|22244466000133|
|C170|1|PROD003|MATERIAL BRUTO C|28.28|UN|9304.55|5403|10|8894.30|12.00|1067.32|0.00|0.00|0.00|0.00|0.00|0.00|
|C170|2|PROD004|PRODUTO ACABADO D|25.08|UN|14160.61|5403|40|0.00|12.00|0.00|0.00|0.00|0.00|0.00|0.00|0.00|
|C170|3|PROD004|PRODUTO ACABADO D|24.89|UN|13748.96|5403|40|0.00|12.00|0.00|0.00|0.00|0.00|0.00|0.00|0.00|
|C170|4|PROD001|PECA MECANICA TIPO A|33.34|UN|3267.05|5403|40|0.00|12.00|0.00|0.00|0.00|0.00|0.00|0.00|0.00|
|C100|1|0|12345678000195|55|00|000000368|000|18012024|19012024|24382.34|0.00|0.00|0.00|0.00|0.00|0.00|0.00|0.00|0.00|0|22244466000133|
|C170|1|PROD004|PRODUTO ACABADO D|25.24|UN|24382.34|6101|40|0.00|12.00|0.00|0.00|0.00|0.00|0.00|0.00|0.00|
|C100|1|0|12345678000195|55|00|000000369|000|25012024|27012024|348.68|335.19|40.22|0.00|0.00|0.00|0.00|0.00|0.00|0.00|0|33366699000100|
|C170|1|PROD001|PECA MECANICA TIPO A|3.21|UN|348.68|5401|10|335.19|12.00|40.22|0.00|0.00|0.00|0.00|0.00|0.00|
|C100|1|0|12345678000195|55|00|000000370|000|25012024|27012024|34610.90|30687.21|3682.47|0.00|0.00|0.00|0.00|0.00|0.00|0.00|0|55512312300010|
|C170|1|PROD004|PRODUTO ACABADO D|49.60|UN|34610.90|5403|00|30687.21|12.00|3682.47|0.00|0.00|0.00|0.00|0.00|0.00|
|C100|1|0|12345678000195|55|00|000000371|000|21012024|23012024|3845.58|3280.11|393.61|0.00|0.00|0.00|0.00|0.00|0.00|0.00|0|77788899000177|
|C170|1|PROD008|CONJUNTO MONTADO H|4.21|UN|3845.58|6101|10|3280.11|12.00|393.61|0.00|0.00|0.00|0.00|0.00|0.00|
|C100|1|0|12345678000195|55|00|000000372|000|02012024|05012024|42991.55|36262.53|4351.51|0.00|0.00|0.00|0.00|0.00|0.00|0.00|0|33366699000100|
|C170|1|PROD005|INSUMO INDUSTRIAL E|29.81|UN|1240.73|6102|10|1127.26|12.00|135.27|0.00|0.00|0.00|0.00|0.00|0.00|
|C170|2|PROD008|CONJUNTO MONTADO H|29.05|UN|36777.42|6102|00|34985.13|12.00|4198.22|0.00|0.00|0.00|0.00|0.00|0.00|
|C170|3|PROD003|MATERIAL BRUTO C|17.46|UN|4809.38|6102|41|0.00|12.00|0.00|0.00|0.00|0.00|0.00|0.00|0.00|
|C170|4|PROD006|EMBALAGEM PADRAO F|17.64|UN|164.02|6102|10|150.14|12.00|18.02|0.00|0.00|0.00|0.00|0.00|0.00|
|C100|1|0|12345678000195|55|00|000000373|000|21012024|21012024|13567.49|13007.65|1560.92|0.00|0.00|0.00|0.00|0.00|0.00|0.00|0|22244466000133|
|C170|1|PROD003|MATERIAL BRUTO C|49.81|UN|12966.84|6101|00|12466.75|12.00|1496.01|0.00|0.00|0.00|0.00|0.00|0.00|
|C170|2|PROD001|PECA MECANICA TIPO A|5.51|UN|600.65|6101|00|540.90|12.00|64.91|0.00|0.00|0.00|0.00|0.00|0.00|
|C100|1|0|12345678000195|55|00|000000374|000|19012024|22012024|12695.75|12026.15|1443.14|0.00|0.00|0.00|0.00|0.00|0.00|0.00|0|55512312300010|
|C170|1|PROD003|MATERIAL BRUTO C|41.36|UN|11403.78|5403|00|10828.10|12.00|1299.37|0.00|0.00|0.00|0.00|0.00|0.00|
|C170|2|PROD001|PECA MECANICA TIPO A|16.35|UN|1291.97|5403|00|1198.05|12.00|143.77|0.00|0.00|0.00|0.00|0.00|0.00|
|C100|1|0|12345678000195|55|00|000000375|000|06012024|06012024|16735.40|11863.60|1423.63|0.00|0.00|0.00|0.00|0.00|0.00|0.00|0|99900011000155|
|C170|1|PROD007|PARTE SOBRESSALENTE G|23.90|UN|3703.32|6102|30|0.00|12.00|0.00|0.00|0.00|0.00|0.00|0.00|0.00|
|C170|2|PROD005|INSUMO INDUSTRIAL E|31.11|UN|1112.70|6102|20|1040.28|12.00|124.83|0.00|0.00|0.00|0.00|0.00|0.00|
|C170|3|PROD002|COMPONENTE ELETRICO B|31.71|UN|1862.07|6102|10|1624.03|12.00|194.88|0.00|0.00|0.00|0.00|0.00|0.00|
|C170|4|PROD008|CONJUNTO MONTADO H|8.37|UN|9877.71|6102|10|9041.15|12.00|1084.94|0.00|0.00|0.00|0.00|0.00|0.00|
|C170|5|PROD006|EMBALAGEM PADRAO F|16.61|UN|179.60|6102|00|158.14|12.00|18.98|0.00|0.00|0.00|0.00|0.00|0.00|
|C100|1|0|12345678000195|55|00|000000376|000|09012024|11012024|5676.54|4020.13|482.42|0.00|0.00|0.00|0.00|0.00|0.00|0.00|0|22244466000133|
|C170|1|PROD003|MATERIAL BRUTO C|20.89|UN|4533.11|6102|00|4020.13|12.00|482.42|0.00|0.00|0.00|0.00|0.00|0.00|
|C170|2|PROD005|INSUMO INDUSTRIAL E|41.53|UN|1143.43|6102|40|0.00|12.00|0.00|0.00|0.00|0.00|0.00|0.00|0.00|
|C100|1|0|12345678000195|55|00|000000377|000|14012024|14012024|11317.76|0.00|0.00|0.00|0.00|0.00|0.00|0.00|0.00|0.00|0|22244466000133|
|C170|1|PROD003|MATERIAL BRUTO C|39.69|UN|9592.85|5102|40|0.00|12.00|0.00|0.00|0.00|0.00|0.00|0.00|0.00|
|C170|2|PROD001|PECA MECANICA TIPO A|32.57|UN|1724.91|5102|40|0.00|12.00|0.00|0.00|0.00|0.00|0.00|0.00|0.00|
|C100|1|0|12345678000195|55|00|000000378|000|02012024|02012024|71074.87|0.00|0.00|0.00|0.00|0.00|0.00|0.00|0.00|0.00|0|55512312300010|
|C170|1|PROD003|MATERIAL BRUTO C|44.40|UN|11523.13|5401|50|0.00|12.00|0.00|0.00|0.00|0.00|0.00|0.00|0.00|
|C170|2|PROD001|PECA MECANICA TIPO A|42.30|UN|2813.46|5401|40|0.00|12.00|0.00|0.00|0.00|0.00|0.00|0.00|0.00|
|C170|3|PROD008|CONJUNTO MONTADO H|25.51|UN|20012.89|5401|40|0.00|12.00|0.00|0.00|0.00|0.00|0.00|0.00|0.00|
|C170|4|PROD008|CONJUNTO MONTADO H|29.44|UN|36582.80|5401|30|0.00|12.00|0.00|0.00|0.00|0.00|0.00|0.00|0.00|
|C170|5|PROD006|EMBALAGEM PADRAO F|25.33|UN|142.59|5401|40|0.00|12.00|0.00|0.00|0.00|0.00|0.00|0.00|0.00|
|C100|1|0|12345678000195|55|00|000000379|000|11012024|14012024|6729.92|4827.97|579.36|0.00|0.00|0.00|0.00|0.00|0.00|0.00|0|33366699000100|
|C170|1|PROD008|CONJUNTO MONTADO H|6.23|UN|5298.15|6102|00|4827.97|12.00|579.36|0.00|0.00|0.00|0.00|0.00|0.00|
|C170|2|PROD002|COMPONENTE ELETRICO B|43.28|UN|1431.77|6102|30|0.00|12.00|0.00|0.00|0.00|0.00|0.00|0.00|0.00|
|C100|1|0|12345678000195|55|00|000000380|000|11012024|14012024|74240.03|27738.13|3328.58|0.00|0.00|0.00|0.00|0.00|0.00|0.00|0|55512312300010|
|C170|1|PROD008|LINHA_CORROMPIDA|
|C170|2|PROD008|CONJUNTO MONTADO H|41.25|UN|29481.29|5403|90|27738.13|12.00|3328.58|0.00|0.00|0.00|0.00|0.00|0.00|
|C100|1|0|12345678000195|55|00|000000381|000|23012024|24012024|37874.89|32773.32|3932.80|0.00|0.00|0.00|0.00|0.00|0.00|0.00|0|55512312300010|
|C170|1|PROD004|PRODUTO ACABADO D|27.21|UN|16692.86|5401|20|14208.63|12.00|1705.04|0.00|0.00|0.00|0.00|0.00|0.00|
|C170|2|PROD006|EMBALAGEM PADRAO F|48.08|UN|552.40|5401|60|0.00|12.00|0.00|0.00|0.00|0.00|0.00|0.00|0.00|
|C170|3|PROD006|EMBALAGEM PADRAO F|15.74|UN|181.84|5401|41|0.00|12.00|0.00|0.00|0.00|0.00|0.00|0.00|0.00|
|C170|4|PROD008|CONJUNTO MONTADO H|15.57|UN|20270.96|5401|00|18564.69|12.00|2227.76|0.00|0.00|0.00|0.00|0.00|0.00|
|C170|5|PROD006|EMBALAGEM PADRAO F|16.54|UN|176.83|5401|40|0.00|12.00|0.00|0.00|0.00|0.00|0.00|0.00|0.00|
|C100|1|0|12345678000195|55|00|000000382|000|09012024|09012024|42394.73|28618.37|3434.20|0.00|0.00|0.00|0.00|0.00|0.00|0.00|0|55512312300010|
|C170|1|PROD006|EMBALAGEM PADRAO F|46.01|UN|262.25|5403|00|233.18|12.00|27.98|0.00|0.00|0.00|0.00|0.00|0.00|
|C170|2|PROD008|CONJUNTO MONTADO H|4.25|UN|4229.08|5403|40|0.00|12.00|0.00|0.00|0.00|0.00|0.00|0.00|0.00|
|C170|3|PROD003|MATERIAL BRUTO C|27.84|UN|6932.47|5403|40|0.00|12.00|0.00|0.00|0.00|0.00|0.00|0.00|0.00|
|C170|4|PROD004|PRODUTO ACABADO D|38.34|UN|30970.93|5403|00|28385.19|12.00|3406.22|0.00|0.00|0.00|0.00|0.00|0.00|
|C100|1|0|12345678000195|55|00|000000383|000|01012024|04012024|15177.36|1819.86|218.38|0.00|0.00|0.00|0.00|0.00|0.00|0.00|0|77788899000177|
|C170|1|PROD003|MATERIAL BRUTO C|26.30|UN|9086.03|5102|50|0.00|12.00|0.00|0.00|0.00|0.00|0.00|0.00|0.00|
|C170|2|PROD001|PECA MECANICA TIPO A|38.40|UN|4196.19|5102|40|0.00|12.00|0.00|0.00|0.00|0.00|0.00|0.00|0.00|
|C170|3|PROD002|COMPONENTE ELETRICO B|39.84|UN|1895.14|5102|20|1819.86|12.00|218.38|0.00|0.00|0.00|0.00|0.00|0.00|
|C100|1|0|12345678000195|55|00|000000384|000|06012024|08012024|7429.50|5490.46|658.86|0.00|0.00|0.00|0.00|0.00|0.00|0.00|0|33366699000100|
|C170|1|PROD001|PECA MECANICA TIPO A|20.28|UN|1549.67|5401|50|0.00|12.00|0.00|0.00|0.00|0.00|0.00|0.00|0.00|
|C170|2|PROD003|MATERIAL BRUTO C|28.95|UN|5879.83|5401|00|5490.46|12.00|658.86|0.00|0.00|0.00|0.00|0.00|0.00|
|C100|1|0|12345678000195|55|00|000000385|000|21012024|22012024|8785.69|8210.38|985.24|0.00|0.00|0.00|0.00|0.00|0.00|0.00|0|99900011000155|
|C170|1|PROD002|COMPONENTE ELETRICO B|22.02|UN|975.53|5101|00|883.04|12.00|105.96|0.00|0.00|0.00|0.00|0.00|0.00|
|C170|2|PROD006|EMBALAGEM PADRAO F|47.41|UN|275.96|5101|40|0.00|12.00|0.00|0.00|0.00|0.00|0.00|0.00|0.00|
|C170|3|PROD002|COMPONENTE ELETRICO B|22.32|UN|1799.23|5101|20|1711.14|12.00|205.34|0.00|0.00|0.00|0.00|0.00|0.00|
|C170|4|PROD004|PRODUTO ACABADO D|6.81|UN|5734.97|5101|00|5616.20|12.00|673.94|0.00|0.00|0.00|0.00|0.00|0.00|
|C100|1|0|12345678000195|55|00|000000386|000|10012024|13012024|10765.70|0.00|0.00|0.00|0.00|0.00|0.00|0.00|0.00|0.00|0|33366699000100|
|C170|1|PROD004|PRODUTO ACABADO D|11.56|UN|10355.36|5403|40|0.00|12.00|0.00|0.00|0.00|0.00|0.00|0.00|0.00|
|C170|2|PROD002|COMPONENTE ELETRICO B|10.28|UN|410.34|5403|41|0.00|12.00|0.00|0.00|0.00|0.00|0.00|0.00|0.00|
|C100|1|0|12345678000195|55|00|000000387|000|10012024|12012024|26511.57|20709.82|2485.18|0.00|0.00|0.00|0.00|0.00|0.00|0.00|0|55512312300010|
|C170|1|PROD004|PRODUTO ACABADO D|23.98|UN|22016.00|5102|90|20026.48|12.00|2403.18|0.00|0.00|0.00|0.00|0.00|0.00|
|C170|2|PROD002|COMPONENTE ELETRICO B|11.40|UN|582.37|5102|20|547.18|12.00|65.66|0.00|0.00|0.00|0.00|0.00|0.00|
|C170|3|PROD005|INSUMO INDUSTRIAL E|4.58|UN|137.58|5102|00|136.16|12.00|16.34|0.00|0.00|0.00|0.00|0.00|0.00|
|C170|4|PROD006|EMBALAGEM PADRAO F|24.08|UN|180.09|5102|40|0.00|12.00|0.00|0.00|0.00|0.00|0.00|0.00|0.00|
|C170|5|PROD001|PECA MECANICA TIPO A|33.87|UN|3595.53|5102|40|0.00|12.00|0.00|0.00|0.00|0.00|0.00|0.00|0.00|
|C100|1|0|12345678000195|55|00|000000388|000|01012024|03012024|51554.43|49676.98|5961.24|0.00|0.00|0.00|0.00|0.00|0.00|0.00|0|55512312300010|
|C170|1|PROD004|PRODUTO ACABADO D|3.02|UN|1767.09|6101|00|1632.66|12.00|195.92|0.00|0.00|0.00|0.00|0.00|0.00|
|C170|2|PROD008|CONJUNTO MONTADO H|17.62|UN|18107.37|6101|00|17320.39|12.00|2078.45|0.00|0.00|0.00|0.00|0.00|0.00|
|C170|3|PROD006|EMBALAGEM PADRAO F|22.21|UN|151.50|6101|10|151.01|12.00|18.12|0.00|0.00|0.00|0.00|0.00|0.00|
|C170|4|PROD002|COMPONENTE ELETRICO B|25.46|UN|2127.01|6101|00|1923.01|12.00|230.76|0.00|0.00|0.00|0.00|0.00|0.00|
|C170|5|PROD008|CONJUNTO MONTADO H|22.07|UN|29401.46|6101|00|28649.91|12.00|3437.99|0.00|0.00|0.00|0.00|0.00|0.00|
|C100|1|0|12345678000195|55|00|000000389|000|17012024|19012024|38129.46|34273.43|4112.81|0.00|0.00|0.00|0.00|0.00|0.00|0.00|0|33366699000100|
|C170|1|PROD003|MATERIAL BRUTO C|38.42|UN|8555.75|5403|51|8116.10|12.00|973.93|0.00|0.00|0.00|0.00|0.00|0.00|
|C170|2|PROD008|CONJUNTO MONTADO H|40.11|UN|29573.71|5403|00|26157.33|12.00|3138.88|0.00|0.00|0.00|0.00|0.00|0.00|
|C100|1|0|12345678000195|55|00|000000390|000|16012024|18012024|108587.68|95599.64|11471.96|0.00|0.00|0.00|0.00|0.00|0.00|0.00|0|55512312300010|
|C170|1|PROD004|PRODUTO ACABADO D|18.47|UN|15520.05|5102|20|14339.72|12.00|1720.77|0.00|0.00|0.00|0.00|0.00|0.00|
|C170|2|PROD008|CONJUNTO MONTADO H|42.45|UN|55469.28|5102|00|47927.49|12.00|5751.30|0.00|0.00|0.00|0.00|0.00|0.00|
|C170|3|PROD008|CONJUNTO MONTADO H|43.54|UN|35984.07|5102|00|33332.43|12.00|3999.89|0.00|0.00|0.00|0.00|0.00|0.00|
|C170|4|PROD001|PECA MECANICA TIPO A|14.37|UN|1614.28|5102|40|0.00|12.00|0.00|0.00|0.00|0.00|0.00|0.00|0.00|
|C100|1|0|12345678000195|55|00|000000391|000|01012024|02012024|894.07|798.08|95.77|0.00|0.00|0.00|0.00|0.00|0.00|0.00|0|99900011000155|
|C170|1|PROD002|COMPONENTE ELETRICO B|25.41|UN|894.07|5403|10|798.08|12.00|95.77|0.00|0.00|0.00|0.00|0.00|0.00|
|C100|1|0|12345678000195|55|00|000000392|000|13012024|15012024|738.19|0.00|0.00|0.00|0.00|0.00|0.00|0.00|0.00|0.00|0|55512312300010|
|C170|1|PROD007|PARTE SOBRESSALENTE G|8.54|UN|738.19|6101|50|0.00|12.00|0.00|0.00|0.00|0.00|0.00|0.00|0.00|
|C100|1|0|12345678000195|55|00|000000393|000|15012024|17012024|923.76|916.47|109.98|0.00|0.00|0.00|0.00|0.00|0.00|0.00|0|22244466000133|
|C170|1|PROD003|MATERIAL BRUTO C|3.15|UN|923.76|6101|20|916.47|12.00|109.98|0.00|0.00|0.00|0.00|0.00|0.00|
|C100|1|0|12345678000195|55|00|000000394|000|05012024|06012024|18533.69|16869.62|2024.35|0.00|0.00|0.00|0.00|0.00|0.00|0.00|0|99900011000155|
|C170|1|PROD003|MATERIAL BRUTO C|47.64|UN|12254.26|5101|10|10743.33|12.00|1289.20|0.00|0.00|0.00|0.00|0.00|0.00|
|C170|2|PROD001|PECA MECANICA TIPO A|48.29|UN|5340.06|5101|00|5221.79|12.00|626.61|0.00|0.00|0.00|0.00|0.00|0.00|
|C170|3|PROD001|PECA MECANICA TIPO A|8.98|UN|939.37|5101|00|904.50|12.00|108.54|0.00|0.00|0.00|0.00|0.00|0.00|
|C100|1|0|12345678000195|55|00|000000395|000|04012024|06012024|28242.26|25682.48|3081.90|0.00|0.00|0.00|0.00|0.00|0.00|0.00|0|77788899000177|
|C170|1|PROD006|EMBALAGEM PADRAO F|18.59|UN|105.42|5403|10|92.77|12.00|11.13|0.00|0.00|0.00|0.00|0.00|0.00|
|C170|2|PROD008|CONJUNTO MONTADO H|22.83|UN|22180.08|5403|00|20850.41|12.00|2502.05|0.00|0.00|0.00|0.00|0.00|0.00|
|C170|3|PROD008|CONJUNTO MONTADO H|5.42|UN|5398.12|5403|10|4739.30|12.00|568.72|0.00|0.00|0.00|0.00|0.00|0.00|
|C170|4|PROD005|INSUMO INDUSTRIAL E|31.90|UN|558.64|5403|30|0.00|12.00|0.00|0.00|0.00|0.00|0.00|0.00|0.00|
|C100|1|0|12345678000195|55|00|000000396|000|22012024|23012024|25753.51|22280.85|2673.70|0.00|0.00|0.00|0.00|0.00|0.00|0.00|0|22244466000133|
|C170|1|PROD008|CONJUNTO MONTADO H|32.71|UN|24822.73|6102|20|21394.15|12.00|2567.30|0.00|0.00|0.00|0.00|0.00|0.00|
|C170|2|PROD005|INSUMO INDUSTRIAL E|40.28|UN|930.78|6102|90|886.70|12.00|106.40|0.00|0.00|0.00|0.00|0.00|0.00|
|C100|1|0|12345678000195|55|00|000000397|000|27012024|28012024|5712.45|3786.22|454.34|0.00|0.00|0.00|0.00|0.00|0.00|0.00|0|33366699000100|
|C170|1|PROD003|MATERIAL BRUTO C|6.27|UN|1654.70|6101|00|1570.52|12.00|188.46|0.00|0.00|0.00|0.00|0.00|0.00|
|C170|2|PROD001|PECA MECANICA TIPO A|28.86|UN|1954.64|6101|00|1685.42|12.00|202.25|0.00|0.00|0.00|0.00|0.00|0.00|
|C170|3|PROD001|PECA MECANICA TIPO A|25.67|UN|1488.29|6101|40|0.00|12.00|0.00|0.00|0.00|0.00|0.00|0.00|0.00|
|C170|4|PROD001|PECA MECANICA TIPO A|9.80|UN|614.82|6101|10|530.28|12.00|63.63|0.00|0.00|0.00|0.00|0.00|0.00|
|C100|1|0|12345678000195|55|00|000000398|000|11012024|14012024|16547.16|15246.41|1829.57|0.00|0.00|0.00|0.00|0.00|0.00|0.00|0|33366699000100|
|C170|1|PROD005|INSUMO INDUSTRIAL E|10.17|UN|203.44|6102|40|0.00|12.00|0.00|0.00|0.00|0.00|0.00|0.00|0.00|
|C170|2|PROD003|MATERIAL BRUTO C|30.60|UN|10120.31|6102|00|9413.47|12.00|1129.62|0.00|0.00|0.00|0.00|0.00|0.00|
|C170|3|PROD008|CONJUNTO MONTADO H|1.29|UN|1006.01|6102|00|927.11|12.00|111.25|0.00|0.00|0.00|0.00|0.00|0.00|
|C170|4|PROD007|PARTE SOBRESSALENTE G|34.90|UN|5217.40|6102|90|4905.83|12.00|588.70|0.00|0.00|0.00|0.00|0.00|0.00|
|C100|1|0|12345678000195|55|00|000000399|000|10012024|12012024|10045.00|9103.19|1092.38|0.00|0.00|0.00|0.00|0.00|0.00|0.00|0|22244466000133|
|C170|1|PROD007|PARTE SOBRESSALENTE G|40.98|UN|5560.44|6102|00|4748.74|12.00|569.85|0.00|0.00|0.00|0.00|0.00|0.00|
|C170|2|PROD001|PECA MECANICA TIPO A|24.57|UN|1478.43|6102|00|1443.41|12.00|173.21|0.00|0.00|0.00|0.00|0.00|0.00|
|C170|3|PROD002|COMPONENTE ELETRICO B|43.05|UN|2566.70|6102|00|2478.04|12.00|297.36|0.00|0.00|0.00|0.00|0.00|0.00|
|C170|4|PROD002|COMPONENTE ELETRICO B|8.26|UN|439.43|6102|00|433.00|12.00|51.96|0.00|0.00|0.00|0.00|0.00|0.00|
|C100|1|0|12345678000195|55|00|000000400|000|31012024|03022024|2852.16|0.00|0.00|0.00|0.00|0.00|0.00|0.00|0.00|0.00|0|22244466000133|
|C170|1|PROD007|PARTE SOBRESSALENTE G|29.68|UN|2852.16|5403|40|0.00|12.00|0.00|0.00|0.00|0.00|0.00|0.00|0.00|
|C100|1|0|12345678000195|55|00|000000401|000|02012024|04012024|426.27|0.00|0.00|0.00|0.00|0.00|0.00|0.00|0.00|0.00|0|22244466000133|
|C170|1|PROD006|EMBALAGEM PADRAO F|35.94|UN|426.27|5101|50|0.00|12.00|0.00|0.00|0.00|0.00|0.00|0.00|0.00|
|C100|1|0|12345678000195|55|00|000000402|000|20012024|22012024|49398.87|35704.90|4284.59|0.00|0.00|0.00|0.00|0.00|0.00|0.00|0|99900011000155|
|C170|1|PROD004|PRODUTO ACABADO D|45.35|UN|41560.54|5101|00|35704.90|12.00|4284.59|0.00|0.00|0.00|0.00|0.00|0.00|
|C170|2|PROD005|INSUMO INDUSTRIAL E|1.93|UN|59.04|5101|40|0.00|12.00|0.00|0.00|0.00|0.00|0.00|0.00|0.00|
|C170|3|PROD006|EMBALAGEM PADRAO F|14.12|UN|134.75|5101|60|0.00|12.00|0.00|0.00|0.00|0.00|0.00|0.00|0.00|
|C170|4|PROD008|CONJUNTO MONTADO H|6.73|UN|7644.54|5101|40|0.00|12.00|0.00|0.00|0.00|0.00|0.00|0.00|0.00|
|C100|1|0|12345678000195|55|00|000000403|000|23012024|26012024|5303.35|4134.13|496.10|0.00|0.00|0.00|0.00|0.00|0.00|0.00|0|22244466000133|
|C170|1|PROD003|MATERIAL BRUTO C|17.85|UN|4191.30|5101|00|4134.13|12.00|496.10|0.00|0.00|0.00|0.00|0.00|0.00|
|C170|2|PROD002|COMPONENTE ELETRICO B|17.62|UN|1112.05|5101|50|0.00|12.00|0.00|0.00|0.00|0.00|0.00|0.00|0.00|
|C100|1|0|12345678000195|55|00|000000404|000|05012024|07012024|53871.57|229.11|27.49|0.00|0.00|0.00|0.00|0.00|0.00|0.00|0|22244466000133|
|C170|1|PROD008|CONJUNTO MONTADO H|40.00|UN|50396.98|6102|50|0.00|12.00|0.00|0.00|0.00|0.00|0.00|0.00|0.00|
|C170|2|PROD007|PARTE SOBRESSALENTE G|31.47|UN|3228.82|6102|40|0.00|12.00|0.00|0.00|0.00|0.00|0.00|0.00|0.00|
|C170|3|PROD006|EMBALAGEM PADRAO F|33.69|UN|198.75|6102|00|187.00|12.00|22.44|0.00|0.00|0.00|0.00|0.00|0.00|
|C170|4|PROD006|EMBALAGEM PADRAO F|5.94|UN|47.02|6102|90|42.11|12.00|5.05|0.00|0.00|0.00|0.00|0.00|0.00|
|C100|1|0|12345678000195|55|00|000000405|000|18012024|18012024|62256.80|53666.76|6440.01|0.00|0.00|0.00|0.00|0.00|0.00|0.00|0|77788899000177|
|C170|1|PROD008|CONJUNTO MONTADO H|41.57|UN|55125.48|5101|00|47383.10|12.00|5685.97|0.00|0.00|0.00|0.00|0.00|0.00|
|C170|2|PROD003|MATERIAL BRUTO C|22.10|UN|6467.12|5101|00|5714.44|12.00|685.73|0.00|0.00|0.00|0.00|0.00|0.00|
|C170|3|PROD002|COMPONENTE ELETRICO B|13.63|UN|664.20|5101|10|569.22|12.00|68.31|0.00|0.00|0.00|0.00|0.00|0.00|
|C100|1|0|12345678000195|55|00|000000406|000|09012024|10012024|33943.23|10243.03|1229.17|0.00|0.00|0.00|0.00|0.00|0.00|0.00|0|99900011000155|
|C170|1|PROD005|INSUMO INDUSTRIAL E|48.17|UN|1705.70|6102|90|1649.83|12.00|197.98|0.00|0.00|0.00|0.00|0.00|0.00|
|C170|2|PROD001|PECA MECANICA TIPO A|30.87|UN|3398.81|6102|00|3175.75|12.00|381.09|0.00|0.00|0.00|0.00|0.00|0.00|
|C170|3|PROD001|PECA MECANICA TIPO A|25.86|UN|1595.18|6102|00|1405.05|12.00|168.61|0.00|0.00|0.00|0.00|0.00|0.00|
|C170|4|PROD008|CONJUNTO MONTADO H|18.72|UN|22648.20|6102|40|0.00|12.00|0.00|0.00|0.00|0.00|0.00|0.00|0.00|
|C170|5|PROD007|PARTE SOBRESSALENTE G|38.34|UN|4595.34|6102|51|4012.40|12.00|481.49|0.00|0.00|0.00|0.00|0.00|0.00|
|C100|1|0|12345678000195|55|00|000000407|000|11012024|12012024|37055.64|11920.48|1430.46|0.00|0.00|0.00|0.00|0.00|0.00|0.00|0|33366699000100|
|C170|1|PROD004|PRODUTO ACABADO D|38.68|UN|23896.42|5101|50|0.00|12.00|0.00|0.00|0.00|0.00|0.00|0.00|0.00|
|C170|2|PROD004|PRODUTO ACABADO D|17.73|UN|13159.22|5101|00|11920.48|12.00|1430.46|0.00|0.00|0.00|0.00|0.00|0.00|
|C100|1|0|12345678000195|55|00|000000408|000|12012024|13012024|83611.08|33560.18|4027.21|0.00|0.00|0.00|0.00|0.00|0.00|0.00|0|22244466000133|
|C170|1|PROD004|PRODUTO ACABADO D|23.48|UN|21345.93|5102|41|0.00|12.00|0.00|0.00|0.00|0.00|0.00|0.00|0.00|
|C170|2|PROD002|COMPONENTE ELETRICO B|18.73|UN|592.52|5102|00|504.53|12.00|60.54|0.00|0.00|0.00|0.00|0.00|0.00|
|C170|3|PROD007|PARTE SOBRESSALENTE G|40.51|UN|6298.28|5102|00|5650.95|12.00|678.11|0.00|0.00|0.00|0.00|0.00|0.00|
|C170|4|PROD004|PRODUTO ACABADO D|49.12|UN|28431.69|5102|00|27404.70|12.00|3288.56|0.00|0.00|0.00|0.00|0.00|0.00|
|C170|5|PROD004|PRODUTO ACABADO D|33.35|UN|26942.66|5102|60|0.00|12.00|0.00|0.00|0.00|0.00|0.00|0.00|0.00|
|C100|1|0|12345678000195|55|00|000000409|000|21012024|23012024|20990.65|627.09|75.25|0.00|0.00|0.00|0.00|0.00|0.00|0.00|0|55512312300010|
|C170|1|PROD008|CONJUNTO MONTADO H|16.37|UN|15403.64|5403|50|0.00|12.00|0.00|0.00|0.00|0.00|0.00|0.00|0.00|
|C170|2|PROD006|EMBALAGEM PADRAO F|45.11|UN|418.17|5403|00|380.78|12.00|45.69|0.00|0.00|0.00|0.00|0.00|0.00|
|C170|3|PROD007|PARTE SOBRESSALENTE G|32.55|UN|4915.38|5403|40|0.00|12.00|0.00|0.00|0.00|0.00|0.00|0.00|0.00|
|C170|4|PROD006|EMBALAGEM PADRAO F|31.29|UN|253.46|5403|10|246.31|12.00|29.56|0.00|0.00|0.00|0.00|0.00|0.00|
|C100|1|0|12345678000195|55|00|000000410|000|25012024|26012024|1752.22|0.00|0.00|0.00|0.00|0.00|0.00|0.00|0.00|0.00|0|22244466000133|
|C170|1|PROD001|PECA MECANICA TIPO A|17.39|UN|1752.22|5401|40|0.00|12.00|0.00|0.00|0.00|0.00|0.00|0.00|0.00|
|C100|1|0|12345678000195|55|00|000000411|000|17012024|19012024|394.46|0.00|0.00|0.00|0.00|0.00|0.00|0.00|0.00|0.00|0|77788899000177|
|C170|1|PROD005|INSUMO INDUSTRIAL E|16.30|UN|394.46|5102|40|0.00|12.00|0.00|0.00|0.00|0.00|0.00|0.00|0.00|
|C100|1|0|12345678000195|55|00|000000412|000|01012024|03012024|14006.00|0.00|0.00|0.00|0.00|0.00|0.00|0.00|0.00|0.00|0|55512312300010|
|C170|1|PROD006|EMBALAGEM PADRAO F|3.94|UN|29.96|5102|40|0.00|12.00|0.00|0.00|0.00|0.00|0.00|0.00|0.00|
|C170|2|PROD008|CONJUNTO MONTADO H|18.37|UN|13472.01|5102|40|0.00|12.00|0.00|0.00|0.00|0.00|0.00|0.00|0.00|
|C170|3|PROD001|PECA MECANICA TIPO A|7.11|UN|504.03|5102|40|0.00|12.00|0.00|0.00|0.00|0.00|0.00|0.00|0.00|
|C100|1|0|12345678000195|55|00|000000413|000|11012024|12012024|44506.58|1849.21|221.90|0.00|0.00|0.00|0.00|0.00|0.00|0.00|0|22244466000133|
|C170|1|PROD005|INSUMO INDUSTRIAL E|18.17|UN|412.03|6102|41|0.00|12.00|0.00|0.00|0.00|0.00|0.00|0.00|0.00|
|C170|2|PROD008|CONJUNTO MONTADO H|36.03|UN|42177.98|6102|40|0.00|12.00|0.00|0.00|0.00|0.00|0.00|0.00|0.00|
|C170|3|PROD006|EMBALAGEM PADRAO F|26.46|UN|178.10|6102|10|166.94|12.00|20.03|0.00|0.00|0.00|0.00|0.00|0.00|
|C170|4|PROD005|INSUMO INDUSTRIAL E|41.32|UN|1022.65|6102|00|978.42|12.00|117.41|0.00|0.00|0.00|0.00|0.00|0.00|
|C170|5|PROD005|INSUMO INDUSTRIAL E|41.59|UN|715.82|6102|00|703.85|12.00|84.46|0.00|0.00|0.00|0.00|0.00|0.00|
|C100|1|0|12345678000195|55|00|000000414|000|07012024|10012024|33573.33|1442.03|173.04|0.00|0.00|0.00|0.00|0.00|0.00|0.00|0|22244466000133|
|C170|1|PROD006|EMBALAGEM PADRAO F|39.16|UN|434.70|5101|40|0.00|12.00|0.00|0.00|0.00|0.00|0.00|0.00|0.00|
|C170|2|PROD004|PRODUTO ACABADO D|32.19|UN|31489.51|5101|40|0.00|12.00|0.00|0.00|0.00|0.00|0.00|0.00|0.00|
|C170|3|PROD005|INSUMO INDUSTRIAL E|47.44|UN|1649.12|5101|20|1442.03|12.00|173.04|0.00|0.00|0.00|0.00|0.00|0.00|
|C100|1|0|12345678000195|55|00|000000415|000|05012024|08012024|4613.69|3394.32|407.31|0.00|0.00|0.00|0.00|0.00|0.00|0.00|0|99900011000155|
|C170|1|PROD002|COMPONENTE ELETRICO B|11.42|UN|639.81|6102|40|0.00|12.00|0.00|0.00|0.00|0.00|0.00|0.00|0.00|
|C170|2|PROD006|EMBALAGEM PADRAO F|47.26|UN|358.70|6102|70|0.00|12.00|0.00|0.00|0.00|0.00|0.00|0.00|0.00|
|C170|3|PROD007|PARTE SOBRESSALENTE G|30.48|UN|3434.57|6102|00|3213.95|12.00|385.67|0.00|0.00|0.00|0.00|0.00|0.00|
|C170|4|PROD001|PECA MECANICA TIPO A|2.97|UN|180.61|6102|10|180.37|12.00|21.64|0.00|0.00|0.00|0.00|0.00|0.00|
|C100|1|0|12345678000195|55|00|000000416|000|10012024|13012024|697.17|372.71|44.73|0.00|0.00|0.00|0.00|0.00|0.00|0.00|0|33366699000100|
|C170|1|PROD002|COMPONENTE ELETRICO B|3.38|UN|267.95|5101|60|0.00|12.00|0.00|0.00|0.00|0.00|0.00|0.00|0.00|
|C170|2|PROD005|INSUMO INDUSTRIAL E|11.56|UN|429.22|5101|20|372.71|12.00|44.73|0.00|0.00|0.00|0.00|0.00|0.00|
|C100|1|0|12345678000195|55|00|000000417|000|03012024|03012024|35773.29|33600.60|4032.07|0.00|0.00|0.00|0.00|0.00|0.00|0.00|0|33366699000100|
|C170|1|PROD005|INSUMO INDUSTRIAL E|24.29|UN|836.41|5403|40|0.00|12.00|0.00|0.00|0.00|0.00|0.00|0.00|0.00|
|C170|2|PROD005|INSUMO INDUSTRIAL E|38.34|UN|1097.56|5403|20|1007.00|12.00|120.84|0.00|0.00|0.00|0.00|0.00|0.00|
|C170|3|PROD008|CONJUNTO MONTADO H|23.00|UN|30054.65|5403|10|29152.16|12.00|3498.26|0.00|0.00|0.00|0.00|0.00|0.00|
|C170|4|PROD007|PARTE SOBRESSALENTE G|33.56|UN|3784.67|5403|00|3441.44|12.00|412.97|0.00|0.00|0.00|0.00|0.00|0.00|
|C100|1|0|12345678000195|55|00|000000418|000|02012024|05012024|2965.47|0.00|0.00|0.00|0.00|0.00|0.00|0.00|0.00|0.00|0|99900011000155|
|C170|1|PROD006|EMBALAGEM PADRAO F|29.03|UN|306.83|6102|40|0.00|12.00|0.00|0.00|0.00|0.00|0.00|0.00|0.00|
|C170|2|PROD007|PARTE SOBRESSALENTE G|28.49|UN|2561.34|6102|40|0.00|12.00|0.00|0.00|0.00|0.00|0.00|0.00|0.00|
|C170|3|PROD006|EMBALAGEM PADRAO F|10.43|UN|97.30|6102|40|0.00|12.00|0.00|0.00|0.00|0.00|0.00|0.00|0.00|
|C100|1|0|12345678000195|55|00|000000419|000|31012024|01022024|69486.35|30622.28|3674.68|0.00|0.00|0.00|0.00|0.00|0.00|0.00|0|55512312300010|
|C170|1|PROD008|CONJUNTO MONTADO H|39.55|UN|34476.61|5403|40|0.00|12.00|0.00|0.00|0.00|0.00|0.00|0.00|0.00|
|C170|2|PROD001|PECA MECANICA TIPO A|44.49|UN|3608.54|5403|50|0.00|12.00|0.00|0.00|0.00|0.00|0.00|0.00|0.00|
|C170|3|PROD008|CONJUNTO MONTADO H|30.74|UN|30160.01|5403|00|29535.58|12.00|3544.27|0.00|0.00|0.00|0.00|0.00|0.00|
|C170|4|PROD002|COMPONENTE ELETRICO B|2.14|UN|115.65|5403|20|113.22|12.00|13.59|0.00|0.00|0.00|0.00|0.00|0.00|
|C170|5|PROD001|PECA MECANICA TIPO A|16.55|UN|1125.54|5403|00|973.48|12.00|116.82|0.00|0.00|0.00|0.00|0.00|0.00|
|C100|1|0|12345678000195|55|00|000000420|000|10012024|11012024|43980.96|3998.52|479.82|0.00|0.00|0.00|0.00|0.00|0.00|0.00|0|77788899000177|
|C170|1|PROD007|PARTE SOBRESSALENTE G|34.25|UN|2901.49|5102|90|2545.24|12.00|305.43|0.00|0.00|0.00|0.00|0.00|0.00|
|C170|2|PROD002|COMPONENTE ELETRICO B|35.95|UN|1667.81|5102|00|1453.28|12.00|174.39|0.00|0.00|0.00|0.00|0.00|0.00|
|C170|3|PROD008|CONJUNTO MONTADO H|44.76|UN|39411.66|5102|70|0.00|12.00|0.00|0.00|0.00|0.00|0.00|0.00|0.00|
|C100|1|0|12345678000195|55|00|000000421|000|02012024|03012024|26438.17|1282.38|153.88|0.00|0.00|0.00|0.00|0.00|0.00|0.00|0|55512312300010|
|C170|1|PROD005|INSUMO INDUSTRIAL E|3.97|UN|109.40|5102|20|100.94|12.00|12.11|0.00|0.00|0.00|0.00|0.00|0.00|
|C170|2|PROD004|PRODUTO ACABADO D|20.97|UN|12836.00|5102|60|0.00|12.00|0.00|0.00|0.00|0.00|0.00|0.00|0.00|
|C170|3|PROD007|PARTE SOBRESSALENTE G|14.19|UN|2228.81|5102|40|0.00|12.00|0.00|0.00|0.00|0.00|0.00|0.00|0.00|
|C170|4|PROD004|PRODUTO ACABADO D|13.07|UN|10014.25|5102|41|0.00|12.00|0.00|0.00|0.00|0.00|0.00|0.00|0.00|
|C170|5|PROD001|PECA MECANICA TIPO A|15.93|UN|1249.71|5102|00|1181.44|12.00|141.77|0.00|0.00|0.00|0.00|0.00|0.00|
|C100|1|0|12345678000195|55|00|000000422|000|26012024|27012024|63867.45|48309.62|5797.15|0.00|0.00|0.00|0.00|0.00|0.00|0.00|0|77788899000177|
|C170|1|PROD008|CONJUNTO MONTADO H|23.14|UN|16210.69|5401|20|15795.79|12.00|1895.49|0.00|0.00|0.00|0.00|0.00|0.00|
|C170|2|PROD007|PARTE SOBRESSALENTE G|15.17|UN|2393.84|5401|00|2369.96|12.00|284.40|0.00|0.00|0.00|0.00|0.00|0.00|
|C170|3|PROD005|INSUMO INDUSTRIAL E|24.63|UN|766.88|5401|50|0.00|12.00|0.00|0.00|0.00|0.00|0.00|0.00|0.00|
|C170|4|PROD004|PRODUTO ACABADO D|19.63|UN|13124.85|5401|40|0.00|12.00|0.00|0.00|0.00|0.00|0.00|0.00|0.00|
|C170|5|PROD008|CONJUNTO MONTADO H|29.67|UN|31371.19|5401|00|30143.87|12.00|3617.26|0.00|0.00|0.00|0.00|0.00|0.00|
|C100|1|0|12345678000195|55|00|000000423|000|03012024|05012024|23470.19|14749.15|1769.90|0.00|0.00|0.00|0.00|0.00|0.00|0.00|0|99900011000155|
|C170|1|PROD006|EMBALAGEM PADRAO F|44.04|UN|285.35|5101|30|0.00|12.00|0.00|0.00|0.00|0.00|0.00|0.00|0.00|
|C170|2|PROD007|PARTE SOBRESSALENTE G|40.30|UN|6073.76|5101|70|0.00|12.00|0.00|0.00|0.00|0.00|0.00|0.00|0.00|
|C170|3|PROD006|EMBALAGEM PADRAO F|32.12|UN|380.98|5101|40|0.00|12.00|0.00|0.00|0.00|0.00|0.00|0.00|0.00|
|C170|4|PROD008|CONJUNTO MONTADO H|14.38|UN|16730.10|5101|10|14749.15|12.00|1769.90|0.00|0.00|0.00|0.00|0.00|0.00|
|C100|1|0|12345678000195|55|00|000000424|000|11012024|11012024|2669.07|0.00|0.00|0.00|0.00|0.00|0.00|0.00|0.00|0.00|0|99900011000155|
|C170|1|PROD006|EMBALAGEM PADRAO F|24.35|UN|275.40|6102|40|0.00|12.00|0.00|0.00|0.00|0.00|0.00|0.00|0.00|
|C170|2|PROD001|PECA MECANICA TIPO A|21.25|UN|2393.67|6102|40|0.00|12.00|0.00|0.00|0.00|0.00|0.00|0.00|0.00|
|C100|1|0|12345678000195|55|00|000000425|000|18012024|18012024|1656.57|1438.75|172.65|0.00|0.00|0.00|0.00|0.00|0.00|0.00|0|22244466000133|
|C170|1|PROD005|INSUMO INDUSTRIAL E|44.74|UN|1656.57|6102|20|1438.75|12.00|172.65|0.00|0.00|0.00|0.00|0.00|0.00|
|C100|1|0|12345678000195|55|00|000000426|000|27012024|29012024|4631.02|3891.60|466.99|0.00|0.00|0.00|0.00|0.00|0.00|0.00|0|22244466000133|
|C170|1|PROD007|PARTE SOBRESSALENTE G|49.21|UN|4427.56|5403|10|3891.60|12.00|466.99|0.00|0.00|0.00|0.00|0.00|0.00|
|C170|2|PROD007|PARTE SOBRESSALENTE G|1.46|UN|203.46|5403|41|0.00|12.00|0.00|0.00|0.00|0.00|0.00|0.00|0.00|
|C100|1|0|12345678000195|55|00|000000427|000|07012024|07012024|10701.64|4718.16|566.18|0.00|0.00|0.00|0.00|0.00|0.00|0.00|0|33366699000100|
|C170|1|PROD007|PARTE SOBRESSALENTE G|48.40|UN|4014.13|6101|20|3835.93|12.00|460.31|0.00|0.00|0.00|0.00|0.00|0.00|
|C170|2|PROD002|COMPONENTE ELETRICO B|30.70|UN|932.82|6101|90|882.23|12.00|105.87|0.00|0.00|0.00|0.00|0.00|0.00|
|C170|3|PROD008|CONJUNTO MONTADO H|6.44|UN|5754.69|6101|30|0.00|12.00|0.00|0.00|0.00|0.00|0.00|0.00|0.00|
|C100|1|0|12345678000195|55|00|000000428|000|18012024|19012024|2131.24|82.03|9.84|0.00|0.00|0.00|0.00|0.00|0.00|0.00|0|77788899000177|
|C170|1|PROD006|EMBALAGEM PADRAO F|7.24|UN|83.52|6102|51|82.03|12.00|9.84|0.00|0.00|0.00|0.00|0.00|0.00|
|C170|2|PROD005|INSUMO INDUSTRIAL E|36.72|UN|822.81|6102|50|0.00|12.00|0.00|0.00|0.00|0.00|0.00|0.00|0.00|
|C170|3|PROD002|COMPONENTE ELETRICO B|2.13|UN|177.76|6102|40|0.00|12.00|0.00|0.00|0.00|0.00|0.00|0.00|0.00|
|C170|4|PROD005|INSUMO INDUSTRIAL E|31.11|UN|1038.39|6102|60|0.00|12.00|0.00|0.00|0.00|0.00|0.00|0.00|0.00|
|C170|5|PROD006|EMBALAGEM PADRAO F|1.10|UN|8.76|6102|40|0.00|12.00|0.00|0.00|0.00|0.00|0.00|0.00|0.00|
|C100|1|0|12345678000195|55|00|000000429|000|28012024|30012024|29652.21|26651.71|3198.21|0.00|0.00|0.00|0.00|0.00|0.00|0.00|0|55512312300010|
|C170|1|PROD003|MATERIAL BRUTO C|38.19|UN|12701.51|5403|00|11325.81|12.00|1359.10|0.00|0.00|0.00|0.00|0.00|0.00|
|C170|2|PROD006|EMBALAGEM PADRAO F|21.58|UN|175.69|5403|00|154.47|12.00|18.54|0.00|0.00|0.00|0.00|0.00|0.00|
|C170|3|PROD004|PRODUTO ACABADO D|5.01|UN|3879.32|5403|00|3726.54|12.00|447.18|0.00|0.00|0.00|0.00|0.00|0.00|
|C170|4|PROD003|MATERIAL BRUTO C|48.93|UN|12895.69|5403|00|11444.89|12.00|1373.39|0.00|0.00|0.00|0.00|0.00|0.00|
|C100|1|0|12345678000195|55|00|000000430|000|11012024|13012024|1145.49|0.00|0.00|0.00|0.00|0.00|0.00|0.00|0.00|0.00|0|77788899000177|
|C170|1|PROD001|PECA MECANICA TIPO A|22.16|UN|1145.49|5101|41|0.00|12.00|0.00|0.00|0.00|0.00|0.00|0.00|0.00|
|C100|1|0|12345678000195|55|00|000000431|000|27012024|29012024|43164.19|0.00|0.00|0.00|0.00|0.00|0.00|0.00|0.00|0.00|0|33366699000100|
|C170|1|PROD004|PRODUTO ACABADO D|47.98|UN|43164.19|5102|50|0.00|12.00|0.00|0.00|0.00|0.00|0.00|0.00|0.00|
|C100|1|0|12345678000195|55|00|000000432|000|26012024|27012024|1927.55|1202.75|144.33|0.00|0.00|0.00|0.00|0.00|0.00|0.00|0|99900011000155|
|C170|1|PROD005|INSUMO INDUSTRIAL E|3.97|UN|63.19|5101|10|61.75|12.00|7.41|0.00|0.00|0.00|0.00|0.00|0.00|
|C170|2|PROD007|PARTE SOBRESSALENTE G|4.19|UN|377.58|5101|60|0.00|12.00|0.00|0.00|0.00|0.00|0.00|0.00|0.00|
|C170|3|PROD006|EMBALAGEM PADRAO F|22.65|UN|161.07|5101|40|0.00|12.00|0.00|0.00|0.00|0.00|0.00|0.00|0.00|
|C170|4|PROD005|INSUMO INDUSTRIAL E|4.22|UN|140.62|5101|40|0.00|12.00|0.00|0.00|0.00|0.00|0.00|0.00|0.00|
|C170|5|PROD001|PECA MECANICA TIPO A|15.45|UN|1185.09|5101|00|1141.00|12.00|136.92|0.00|0.00|0.00|0.00|0.00|0.00|
|C100|1|0|12345678000195|55|00|000000433|000|28012024|28012024|45311.21|41459.43|4975.14|0.00|0.00|0.00|0.00|0.00|0.00|0.00|0|77788899000177|
|C170|1|PROD004|PRODUTO ACABADO D|32.90|UN|27117.65|5403|00|25153.84|12.00|3018.46|0.00|0.00|0.00|0.00|0.00|0.00|
|C170|2|PROD004|PRODUTO ACABADO D|29.80|UN|16446.49|5403|00|15739.21|12.00|1888.71|0.00|0.00|0.00|0.00|0.00|0.00|
|C170|3|PROD005|INSUMO INDUSTRIAL E|30.05|UN|1132.92|5403|60|0.00|12.00|0.00|0.00|0.00|0.00|0.00|0.00|0.00|
|C170|4|PROD001|PECA MECANICA TIPO A|7.17|UN|614.15|5403|10|566.38|12.00|67.97|0.00|0.00|0.00|0.00|0.00|0.00|
|C100|1|0|12345678000195|55|00|000000434|000|15012024|16012024|4594.22|0.00|0.00|0.00|0.00|0.00|0.00|0.00|0.00|0.00|0|99900011000155|
|C170|1|PROD007|PARTE SOBRESSALENTE G|16.27|UN|1869.16|5102|70|0.00|12.00|0.00|0.00|0.00|0.00|0.00|0.00|0.00|
|C170|2|PROD001|PECA MECANICA TIPO A|37.96|UN|2725.06|5102|60|0.00|12.00|0.00|0.00|0.00|0.00|0.00|0.00|0.00|
|C100|1|0|12345678000195|55|00|000000435|000|05012024|08012024|18782.39|14668.69|1760.25|0.00|0.00|0.00|0.00|0.00|0.00|0.00|0|77788899000177|
|C170|1|PROD003|MATERIAL BRUTO C|3.81|UN|1051.55|5401|50|0.00|12.00|0.00|0.00|0.00|0.00|0.00|0.00|0.00|
|C170|2|PROD003|MATERIAL BRUTO C|43.08|UN|11342.34|5401|00|9981.89|12.00|1197.83|0.00|0.00|0.00|0.00|0.00|0.00|
|C170|3|PROD001|PECA MECANICA TIPO A|45.52|UN|4777.92|5401|10|4539.88|12.00|544.79|0.00|0.00|0.00|0.00|0.00|0.00|
|C170|4|PROD005|INSUMO INDUSTRIAL E|35.04|UN|1454.68|5401|40|0.00|12.00|0.00|0.00|0.00|0.00|0.00|0.00|0.00|
|C170|5|PROD006|EMBALAGEM PADRAO F|17.23|UN|155.90|5401|90|146.92|12.00|17.63|0.00|0.00|0.00|0.00|0.00|0.00|
|C100|1|0|12345678000195|55|00|000000436|000|11012024|12012024|97217.33|61518.41|7382.21|0.00|0.00|0.00|0.00|0.00|0.00|0.00|0|22244466000133|
|C170|1|PROD008|CONJUNTO MONTADO H|32.30|UN|38283.57|5101|20|33764.99|12.00|4051.80|0.00|0.00|0.00|0.00|0.00|0.00|
|C170|2|PROD008|CONJUNTO MONTADO H|24.56|UN|30397.64|5101|50|0.00|12.00|0.00|0.00|0.00|0.00|0.00|0.00|0.00|
|C170|3|PROD004|PRODUTO ACABADO D|40.56|UN|27595.92|5101|20|26876.02|12.00|3225.12|0.00|0.00|0.00|0.00|0.00|0.00|
|C170|4|PROD008|CONJUNTO MONTADO H|1.33|UN|940.20|5101|10|877.40|12.00|105.29|0.00|0.00|0.00|0.00|0.00|0.00|
|C100|1|0|12345678000195|55|00|000000437|000|10012024|13012024|28039.31|26552.48|3186.30|0.00|0.00|0.00|0.00|0.00|0.00|0.00|0|77788899000177|
|C170|1|PROD008|CONJUNTO MONTADO H|11.73|UN|10360.52|5102|00|10123.58|12.00|1214.83|0.00|0.00|0.00|0.00|0.00|0.00|
|C170|2|PROD003|MATERIAL BRUTO C|13.05|UN|2994.13|5102|00|2662.58|12.00|319.51|0.00|0.00|0.00|0.00|0.00|0.00|
|C170|3|PROD008|CONJUNTO MONTADO H|5.96|UN|7638.22|5102|00|7242.79|12.00|869.13|0.00|0.00|0.00|0.00|0.00|0.00|
|C170|4|PROD002|COMPONENTE ELETRICO B|44.37|UN|2156.63|5102|00|1980.71|12.00|237.69|0.00|0.00|0.00|0.00|0.00|0.00|
|C170|5|PROD003|MATERIAL BRUTO C|19.11|UN|4889.81|5102|00|4542.82|12.00|545.14|0.00|0.00|0.00|0.00|0.00|0.00|
|C100|1|0|12345678000195|55|00|000000438|000|29012024|01022024|2618.01|2434.44|292.13|0.00|0.00|0.00|0.00|0.00|0.00|0.00|0|99900011000155|
|C170|1|PROD001|PECA MECANICA TIPO A|44.25|UN|2618.01|6102|00|2434.44|12.00|292.13|0.00|0.00|0.00|0.00|0.00|0.00|
|C100|1|0|12345678000195|55|00|000000439|000|11012024|14012024|40365.27|35204.36|4224.52|0.00|0.00|0.00|0.00|0.00|0.00|0.00|0|33366699000100|
|C170|1|PROD008|CONJUNTO MONTADO H|29.78|UN|38656.12|6102|00|33719.16|12.00|4046.30|0.00|0.00|0.00|0.00|0.00|0.00|
|C170|2|PROD007|PARTE SOBRESSALENTE G|13.11|UN|1709.15|6102|00|1485.20|12.00|178.22|0.00|0.00|0.00|0.00|0.00|0.00|
|C100|1|0|12345678000195|55|00|000000440|000|31012024|03022024|5136.47|4665.03|559.80|0.00|0.00|0.00|0.00|0.00|0.00|0.00|0|99900011000155|
|C170|1|PROD007|PARTE SOBRESSALENTE G|39.76|UN|5136.47|5102|00|4665.03|12.00|559.80|0.00|0.00|0.00|0.00|0.00|0.00|
|C100|1|0|12345678000195|55|00|000000441|000|12012024|15012024|11702.64|7588.97|910.68|0.00|0.00|0.00|0.00|0.00|0.00|0.00|0|99900011000155|
|C170|1|PROD002|COMPONENTE ELETRICO B|47.83|UN|2681.46|6101|40|0.00|12.00|0.00|0.00|0.00|0.00|0.00|0.00|0.00|
|C170|2|PROD006|EMBALAGEM PADRAO F|32.27|UN|339.77|6101|40|0.00|12.00|0.00|0.00|0.00|0.00|0.00|0.00|0.00|
|C170|3|PROD005|INSUMO INDUSTRIAL E|11.15|UN|436.75|6101|20|386.59|12.00|46.39|0.00|0.00|0.00|0.00|0.00|0.00|
|C170|4|PROD004|PRODUTO ACABADO D|11.71|UN|8244.66|6101|10|7202.38|12.00|864.29|0.00|0.00|0.00|0.00|0.00|0.00|
|C100|1|0|12345678000195|55|00|000000442|000|09012024|09012024|6196.75|5743.39|689.21|0.00|0.00|0.00|0.00|0.00|0.00|0.00|0|33366699000100|
|C170|1|PROD003|MATERIAL BRUTO C|26.42|UN|6196.75|5102|00|5743.39|12.00|689.21|0.00|0.00|0.00|0.00|0.00|0.00|
|C100|1|0|12345678000195|55|00|000000443|000|14012024|17012024|40751.45|21730.82|2607.70|0.00|0.00|0.00|0.00|0.00|0.00|0.00|0|33366699000100|
|C170|1|PROD004|PRODUTO ACABADO D|9.80|UN|5999.14|5403|40|0.00|12.00|0.00|0.00|0.00|0.00|0.00|0.00|0.00|
|C170|2|PROD007|PARTE SOBRESSALENTE G|18.60|UN|1610.23|5403|50|0.00|12.00|0.00|0.00|0.00|0.00|0.00|0.00|0.00|
|C170|3|PROD003|MATERIAL BRUTO C|26.13|UN|7747.96|5403|41|0.00|12.00|0.00|0.00|0.00|0.00|0.00|0.00|0.00|
|C170|4|PROD004|PRODUTO ACABADO D|46.40|UN|25394.12|5403|00|21730.82|12.00|2607.70|0.00|0.00|0.00|0.00|0.00|0.00|
|C100|1|0|12345678000195|55|00|000000444|000|11012024|12012024|12569.84|0.00|0.00|0.00|0.00|0.00|0.00|0.00|0.00|0.00|0|77788899000177|
|C170|1|PROD003|MATERIAL BRUTO C|42.43|UN|9698.81|6102|40|0.00|12.00|0.00|0.00|0.00|0.00|0.00|0.00|0.00|
|C170|2|PROD006|EMBALAGEM PADRAO F|7.75|UN|85.15|6102|40|0.00|12.00|0.00|0.00|0.00|0.00|0.00|0.00|0.00|
|C170|3|PROD007|PARTE SOBRESSALENTE G|27.61|UN|2785.88|6102|41|0.00|12.00|0.00|0.00|0.00|0.00|0.00|0.00|0.00|
|C100|1|0|12345678000195|55|00|000000445|000|27012024|29012024|13675.42|10137.77|1216.54|0.00|0.00|0.00|0.00|0.00|0.00|0.00|0|33366699000100|
|C170|1|PROD007|PARTE SOBRESSALENTE G|49.47|UN|7723.88|5403|51|6828.97|12.00|819.48|0.00|0.00|0.00|0.00|0.00|0.00|
|C170|2|PROD007|PARTE SOBRESSALENTE G|36.44|UN|3527.32|5403|00|3308.80|12.00|397.06|0.00|0.00|0.00|0.00|0.00|0.00|
|C170|3|PROD001|PECA MECANICA TIPO A|28.08|UN|2325.14|5403|50|0.00|12.00|0.00|0.00|0.00|0.00|0.00|0.00|0.00|
|C170|4|PROD006|EMBALAGEM PADRAO F|17.69|UN|99.08|5403|50|0.00|12.00|0.00|0.00|0.00|0.00|0.00|0.00|0.00|
|C100|1|0|12345678000195|55|00|000000446|000|25012024|28012024|14801.43|7712.46|925.49|0.00|0.00|0.00|0.00|0.00|0.00|0.00|0|22244466000133|
|C170|1|PROD004|PRODUTO ACABADO D|7.29|UN|6945.03|5102|00|6747.51|12.00|809.70|0.00|0.00|0.00|0.00|0.00|0.00|
|C170|2|PROD005|INSUMO INDUSTRIAL E|41.88|UN|1012.68|5102|20|964.95|12.00|115.79|0.00|0.00|0.00|0.00|0.00|0.00|
|C170|3|PROD003|MATERIAL BRUTO C|20.77|UN|6578.35|5102|30|0.00|12.00|0.00|0.00|0.00|0.00|0.00|0.00|0.00|
|C170|4|PROD005|INSUMO INDUSTRIAL E|16.98|UN|265.37|5102|41|0.00|12.00|0.00|0.00|0.00|0.00|0.00|0.00|0.00|
|C100|1|0|12345678000195|55|00|000000447|000|05012024|07012024|57974.08|36031.45|4323.78|0.00|0.00|0.00|0.00|0.00|0.00|0.00|0|77788899000177|
|C170|1|PROD008|CONJUNTO MONTADO H|4.12|UN|4000.40|6101|20|3597.66|12.00|431.72|0.00|0.00|0.00|0.00|0.00|0.00|
|C170|2|PROD005|INSUMO INDUSTRIAL E|48.13|UN|1552.35|6101|10|1359.41|12.00|163.13|0.00|0.00|0.00|0.00|0.00|0.00|
|C170|3|PROD004|PRODUTO ACABADO D|34.07|UN|19939.56|6101|50|0.00|12.00|0.00|0.00|0.00|0.00|0.00|0.00|0.00|
|C170|4|PROD004|PRODUTO ACABADO D|30.57|UN|15676.18|6101|00|15467.71|12.00|1856.13|0.00|0.00|0.00|0.00|0.00|0.00|
|C170|5|PROD008|CONJUNTO MONTADO H|19.91|UN|16805.59|6101|00|15606.67|12.00|1872.80|0.00|0.00|0.00|0.00|0.00|0.00|
|C100|1|0|12345678000195|55|00|000000448|000|02012024|04012024|2268.43|1965.85|235.90|0.00|0.00|0.00|0.00|0.00|0.00|0.00|0|22244466000133|
|C170|1|PROD002|COMPONENTE ELETRICO B|43.13|UN|2268.43|6101|00|1965.85|12.00|235.90|0.00|0.00|0.00|0.00|0.00|0.00|
|C100|1|0|12345678000195|55|00|000000449|000|14012024|17012024|27125.30|24316.84|2918.02|0.00|0.00|0.00|0.00|0.00|0.00|0.00|0|99900011000155|
|C170|1|PROD004|PRODUTO ACABADO D|45.28|UN|27125.30|6102|51|24316.84|12.00|2918.02|0.00|0.00|0.00|0.00|0.00|0.00|
|C100|1|0|12345678000195|55|00|000000450|000|06012024|08012024|439.35|189.41|22.73|0.00|0.00|0.00|0.00|0.00|0.00|0.00|0|22244466000133|
|C170|1|PROD005|INSUMO INDUSTRIAL E|14.50|UN|220.35|6101|00|189.41|12.00|22.73|0.00|0.00|0.00|0.00|0.00|0.00|
|C170|2|PROD006|EMBALAGEM PADRAO F|20.56|UN|219.00|6101|30|0.00|12.00|0.00|0.00|0.00|0.00|0.00|0.00|0.00|
|C100|1|0|12345678000195|55|00|000000451|000|29012024|01022024|40896.34|0.00|0.00|0.00|0.00|0.00|0.00|0.00|0.00|0.00|0|99900011000155|
|C170|1|PROD005|INSUMO INDUSTRIAL E|23.36|UN|792.10|5403|40|0.00|12.00|0.00|0.00|0.00|0.00|0.00|0.00|0.00|
|C170|2|PROD006|EMBALAGEM PADRAO F|15.57|UN|144.69|5403|50|0.00|12.00|0.00|0.00|0.00|0.00|0.00|0.00|0.00|
|C170|3|PROD003|MATERIAL BRUTO C|9.58|UN|2274.24|5403|60|0.00|12.00|0.00|0.00|0.00|0.00|0.00|0.00|0.00|
|C170|4|PROD008|CONJUNTO MONTADO H|36.93|UN|37685.31|5403|60|0.00|12.00|0.00|0.00|0.00|0.00|0.00|0.00|0.00|
|C100|1|0|12345678000195|55|00|000000452|000|23012024|23012024|1967.14|0.00|0.00|0.00|0.00|0.00|0.00|0.00|0.00|0.00|0|77788899000177|
|C170|1|PROD002|COMPONENTE ELETRICO B|43.66|UN|1967.14|5403|40|0.00|12.00|0.00|0.00|0.00|0.00|0.00|0.00|0.00|
|C100|1|0|12345678000195|55|00|000000453|000|22012024|22012024|52563.75|48643.87|5837.27|0.00|0.00|0.00|0.00|0.00|0.00|0.00|0|33366699000100|
|C170|1|PROD008|CONJUNTO MONTADO H|38.33|UN|30084.47|6102|10|28980.66|12.00|3477.68|0.00|0.00|0.00|0.00|0.00|0.00|
|C170|2|PROD004|PRODUTO ACABADO D|25.71|UN|22479.28|6102|20|19663.21|12.00|2359.59|0.00|0.00|0.00|0.00|0.00|0.00|
|C100|1|0|12345678000195|55|00|000000454|000|17012024|17012024|3589.87|3453.07|414.37|0.00|0.00|0.00|0.00|0.00|0.00|0.00|0|77788899000177|
|C170|1|PROD001|PECA MECANICA TIPO A|35.03|UN|3589.87|5403|10|3453.07|12.00|414.37|0.00|0.00|0.00|0.00|0.00|0.00|
|C100|1|0|12345678000195|55|00|000000455|000|13012024|13012024|30261.55|28288.45|3394.62|0.00|0.00|0.00|0.00|0.00|0.00|0.00|0|77788899000177|
|C170|1|PROD001|PECA MECANICA TIPO A|37.69|UN|3162.90|5101|00|2948.66|12.00|353.84|0.00|0.00|0.00|0.00|0.00|0.00|
|C170|2|PROD008|CONJUNTO MONTADO H|12.87|UN|17570.41|5101|00|17097.13|12.00|2051.66|0.00|0.00|0.00|0.00|0.00|0.00|
|C170|3|PROD003|MATERIAL BRUTO C|42.24|UN|9528.24|5101|00|8242.66|12.00|989.12|0.00|0.00|0.00|0.00|0.00|0.00|
|C100|1|0|12345678000195|55|00|000000456|000|04012024|07012024|10.70|9.38|1.13|0.00|0.00|0.00|0.00|0.00|0.00|0.00|0|33366699000100|
|C170|1|PROD006|EMBALAGEM PADRAO F|1.55|UN|10.70|5102|20|9.38|12.00|1.13|0.00|0.00|0.00|0.00|0.00|0.00|
|C100|1|0|12345678000195|55|00|000000457|000|29012024|30012024|5351.50|0.00|0.00|0.00|0.00|0.00|0.00|0.00|0.00|0.00|0|55512312300010|
|C170|1|PROD007|PARTE SOBRESSALENTE G|40.76|UN|5351.50|5403|40|0.00|12.00|0.00|0.00|0.00|0.00|0.00|0.00|0.00|
|C100|1|0|12345678000195|55|00|000000458|000|13012024|15012024|85.27|75.67|9.08|0.00|0.00|0.00|0.00|0.00|0.00|0.00|0|55512312300010|
|C170|1|PROD005|INSUMO INDUSTRIAL E|3.38|UN|85.27|5403|00|75.67|12.00|9.08|0.00|0.00|0.00|0.00|0.00|0.00|
|C100|1|0|12345678000195|55|00|000000459|000|07012024|07012024|8555.86|3931.17|471.75|0.00|0.00|0.00|0.00|0.00|0.00|0.00|0|77788899000177|
|C170|1|PROD001|PECA MECANICA TIPO A|4.09|UN|479.57|5101|00|467.73|12.00|56.13|0.00|0.00|0.00|0.00|0.00|0.00|
|C170|2|PROD001|PECA MECANICA TIPO A|33.54|UN|3376.91|5101|00|3129.97|12.00|375.60|0.00|0.00|0.00|0.00|0.00|0.00|
|C170|3|PROD007|PARTE SOBRESSALENTE G|40.97|UN|4334.61|5101|40|0.00|12.00|0.00|0.00|0.00|0.00|0.00|0.00|0.00|
|C170|4|PROD006|EMBALAGEM PADRAO F|31.61|UN|364.77|5101|10|333.47|12.00|40.02|0.00|0.00|0.00|0.00|0.00|0.00|
|C100|1|0|12345678000195|55|00|000000460|000|07012024|07012024|27921.57|24667.83|2960.14|0.00|0.00|0.00|0.00|0.00|0.00|0.00|0|77788899000177|
|C170|1|PROD002|COMPONENTE ELETRICO B|20.07|UN|1108.47|5401|00|1077.72|12.00|129.33|0.00|0.00|0.00|0.00|0.00|0.00|
|C170|2|PROD004|PRODUTO ACABADO D|32.85|UN|22241.03|5401|00|19634.03|12.00|2356.08|0.00|0.00|0.00|0.00|0.00|0.00|
|C170|3|PROD003|MATERIAL BRUTO C|15.78|UN|4572.07|5401|90|3956.08|12.00|474.73|0.00|0.00|0.00|0.00|0.00|0.00|
|C100|1|0|12345678000195|55|00|000000461|000|26012024|27012024|1659.21|0.00|0.00|0.00|0.00|0.00|0.00|0.00|0.00|0.00|0|99900011000155|
|C170|1|PROD005|INSUMO INDUSTRIAL E|49.09|UN|1659.21|5401|40|0.00|12.00|0.00|0.00|0.00|0.00|0.00|0.00|0.00|
|C100|1|0|12345678000195|55|00|000000462|000|11012024|12012024|2899.45|2313.16|277.58|0.00|0.00|0.00|0.00|0.00|0.00|0.00|0|77788899000177|
|C170|1|PROD008|CONJUNTO MONTADO H|1.86|UN|2496.25|6102|20|2313.16|12.00|277.58|0.00|0.00|0.00|0.00|0.00|0.00|
|C170|2|PROD006|EMBALAGEM PADRAO F|37.35|UN|318.21|6102|40|0.00|12.00|0.00|0.00|0.00|0.00|0.00|0.00|0.00|
|C170|3|PROD001|PECA MECANICA TIPO A|1.65|UN|84.99|6102|41|0.00|12.00|0.00|0.00|0.00|0.00|0.00|0.00|0.00|
|C100|1|0|12345678000195|55|00|000000463|000|10012024|11012024|16231.83|13877.58|1665.30|0.00|0.00|0.00|0.00|0.00|0.00|0.00|0|55512312300010|
|C170|1|PROD007|PARTE SOBRESSALENTE G|15.53|UN|1431.15|6102|00|1224.62|12.00|146.95|0.00|0.00|0.00|0.00|0.00|0.00|
|C170|2|PROD005|INSUMO INDUSTRIAL E|46.25|UN|1440.59|6102|70|0.00|12.00|0.00|0.00|0.00|0.00|0.00|0.00|0.00|
|C170|3|PROD001|PECA MECANICA TIPO A|37.22|UN|2717.72|6102|00|2572.43|12.00|308.69|0.00|0.00|0.00|0.00|0.00|0.00|
|C170|4|PROD003|MATERIAL BRUTO C|38.26|UN|10642.37|6102|90|10080.53|12.00|1209.66|0.00|0.00|0.00|0.00|0.00|0.00|
|C100|1|0|12345678000195|55|00|000000464|000|25012024|25012024|18431.39|2245.12|269.41|0.00|0.00|0.00|0.00|0.00|0.00|0.00|0|33366699000100|
|C170|1|PROD003|MATERIAL BRUTO C|45.97|UN|16008.12|5102|50|0.00|12.00|0.00|0.00|0.00|0.00|0.00|0.00|0.00|
|C170|2|PROD002|COMPONENTE ELETRICO B|35.12|UN|1483.03|5102|51|1376.58|12.00|165.19|0.00|0.00|0.00|0.00|0.00|0.00|
|C170|3|PROD001|PECA MECANICA TIPO A|9.99|UN|940.24|5102|00|868.54|12.00|104.22|0.00|0.00|0.00|0.00|0.00|0.00|
|C100|1|0|12345678000195|55|00|000000465|000|02012024|03012024|5663.58|4143.65|497.24|0.00|0.00|0.00|0.00|0.00|0.00|0.00|0|77788899000177|
|C170|1|PROD001|PECA MECANICA TIPO A|41.73|UN|4808.55|5102|00|4143.65|12.00|497.24|0.00|0.00|0.00|0.00|0.00|0.00|
|C170|2|PROD005|INSUMO INDUSTRIAL E|36.52|UN|855.03|5102|40|0.00|12.00|0.00|0.00|0.00|0.00|0.00|0.00|0.00|
|C100|1|0|12345678000195|55|00|000000466|000|14012024|15012024|12322.74|11361.89|1363.43|0.00|0.00|0.00|0.00|0.00|0.00|0.00|0|77788899000177|
|C170|1|PROD003|MATERIAL BRUTO C|48.42|UN|11146.54|6101|51|10279.07|12.00|1233.49|0.00|0.00|0.00|0.00|0.00|0.00|
|C170|2|PROD005|INSUMO INDUSTRIAL E|47.60|UN|1176.20|6101|10|1082.82|12.00|129.94|0.00|0.00|0.00|0.00|0.00|0.00|
|C100|1|0|12345678000195|55|00|000000467|000|17012024|20012024|17511.36|16145.65|1937.48|0.00|0.00|0.00|0.00|0.00|0.00|0.00|0|22244466000133|
|C170|1|PROD001|PECA MECANICA TIPO A|46.16|UN|4230.57|5102|00|4057.10|12.00|486.85|0.00|0.00|0.00|0.00|0.00|0.00|
|C170|2|PROD004|PRODUTO ACABADO D|13.61|UN|9831.74|5102|20|8910.23|12.00|1069.23|0.00|0.00|0.00|0.00|0.00|0.00|
|C170|3|PROD007|PARTE SOBRESSALENTE G|30.70|UN|2632.40|5102|00|2422.83|12.00|290.74|0.00|0.00|0.00|0.00|0.00|0.00|
|C170|4|PROD007|PARTE SOBRESSALENTE G|8.58|UN|816.65|5102|00|755.49|12.00|90.66|0.00|0.00|0.00|0.00|0.00|0.00|
|C100|1|0|12345678000195|55|00|000000468|000|16012024|19012024|47962.65|34245.56|4109.47|0.00|0.00|0.00|0.00|0.00|0.00|0.00|0|33366699000100|
|C170|1|PROD008|CONJUNTO MONTADO H|29.83|UN|29413.90|5403|00|29068.01|12.00|3488.16|0.00|0.00|0.00|0.00|0.00|0.00|
|C170|2|PROD003|MATERIAL BRUTO C|19.86|UN|5655.78|5403|00|5177.55|12.00|621.31|0.00|0.00|0.00|0.00|0.00|0.00|
|C170|3|PROD004|PRODUTO ACABADO D|13.51|UN|12674.29|5403|40|0.00|12.00|0.00|0.00|0.00|0.00|0.00|0.00|0.00|
|C170|4|PROD006|EMBALAGEM PADRAO F|25.97|UN|218.68|5403|40|0.00|12.00|0.00|0.00|0.00|0.00|0.00|0.00|0.00|
|C100|1|0|12345678000195|55|00|000000469|000|21012024|24012024|5990.24|3074.26|368.91|0.00|0.00|0.00|0.00|0.00|0.00|0.00|0|55512312300010|
|C170|1|PROD002|COMPONENTE ELETRICO B|40.84|UN|2642.54|5403|40|0.00|12.00|0.00|0.00|0.00|0.00|0.00|0.00|0.00|
|C170|2|PROD001|PECA MECANICA TIPO A|35.18|UN|3347.70|5403|00|3074.26|12.00|368.91|0.00|0.00|0.00|0.00|0.00|0.00|
|C100|1|0|12345678000195|55|00|000000470|000|09012024|10012024|57361.82|11590.82|1390.89|0.00|0.00|0.00|0.00|0.00|0.00|0.00|0|77788899000177|
|C170|1|PROD008|CONJUNTO MONTADO H|45.93|UN|44933.60|6101|40|0.00|12.00|0.00|0.00|0.00|0.00|0.00|0.00|0.00|
|C170|2|PROD007|PARTE SOBRESSALENTE G|45.15|UN|5484.70|6101|00|5009.95|12.00|601.19|0.00|0.00|0.00|0.00|0.00|0.00|
|C170|3|PROD001|PECA MECANICA TIPO A|41.66|UN|2820.25|6101|10|2806.58|12.00|336.79|0.00|0.00|0.00|0.00|0.00|0.00|
|C170|4|PROD007|PARTE SOBRESSALENTE G|33.27|UN|3679.88|6101|10|3355.10|12.00|402.61|0.00|0.00|0.00|0.00|0.00|0.00|
|C170|5|PROD006|EMBALAGEM PADRAO F|43.94|UN|443.39|6101|00|419.19|12.00|50.30|0.00|0.00|0.00|0.00|0.00|0.00|
|C100|1|0|12345678000195|55|00|000000471|000|27012024|28012024|22964.24|0.00|0.00|0.00|0.00|0.00|0.00|0.00|0.00|0.00|0|33366699000100|
|C170|1|PROD008|CONJUNTO MONTADO H|16.10|UN|22389.64|5401|50|0.00|12.00|0.00|0.00|0.00|0.00|0.00|0.00|0.00|
|C170|2|PROD004|PRODUTO ACABADO D|1.08|UN|574.60|5401|40|0.00|12.00|0.00|0.00|0.00|0.00|0.00|0.00|0.00|
|C100|1|0|12345678000195|55|00|000000472|000|14012024|16012024|5535.58|5167.51|620.11|0.00|0.00|0.00|0.00|0.00|0.00|0.00|0|99900011000155|
|C170|1|PROD002|COMPONENTE ELETRICO B|9.92|UN|814.88|6102|20|792.19|12.00|95.06|0.00|0.00|0.00|0.00|0.00|0.00|
|C170|2|PROD003|MATERIAL BRUTO C|10.10|UN|2108.55|6102|00|2032.38|12.00|243.89|0.00|0.00|0.00|0.00|0.00|0.00|
|C170|3|PROD006|EMBALAGEM PADRAO F|13.71|UN|155.17|6102|20|146.48|12.00|17.58|0.00|0.00|0.00|0.00|0.00|0.00|
|C170|4|PROD002|COMPONENTE ELETRICO B|31.60|UN|2456.98|6102|00|2196.46|12.00|263.58|0.00|0.00|0.00|0.00|0.00|0.00|
|C100|1|0|12345678000195|55|00|000000473|000|04012024|06012024|31480.97|4100.66|492.08|0.00|0.00|0.00|0.00|0.00|0.00|0.00|0|22244466000133|
|C170|1|PROD001|PECA MECANICA TIPO A|38.27|UN|1938.94|5101|00|1925.91|12.00|231.11|0.00|0.00|0.00|0.00|0.00|0.00|
|C170|2|PROD002|COMPONENTE ELETRICO B|33.60|UN|2466.65|5101|00|2174.75|12.00|260.97|0.00|0.00|0.00|0.00|0.00|0.00|
|C170|3|PROD004|PRODUTO ACABADO D|39.80|UN|27075.38|5101|30|0.00|12.00|0.00|0.00|0.00|0.00|0.00|0.00|0.00|
|C100|1|0|12345678000195|55|00|000000474|000|30012024|02022024|6607.59|6435.27|772.23|0.00|0.00|0.00|0.00|0.00|0.00|0.00|0|33366699000100|
|C170|1|PROD005|INSUMO INDUSTRIAL E|17.81|UN|418.74|5403|00|378.62|12.00|45.43|0.00|0.00|0.00|0.00|0.00|0.00|
|C170|2|PROD003|MATERIAL BRUTO C|20.52|UN|5985.50|5403|90|5871.55|12.00|704.59|0.00|0.00|0.00|0.00|0.00|0.00|
|C170|3|PROD006|EMBALAGEM PADRAO F|40.51|UN|203.35|5403|51|185.10|12.00|22.21|0.00|0.00|0.00|0.00|0.00|0.00|
|C100|1|0|12345678000195|55|00|000000475|000|01012024|01012024|32244.22|25329.86|3039.58|0.00|0.00|0.00|0.00|0.00|0.00|0.00|0|77788899000177|
|C170|1|PROD008|CONJUNTO MONTADO H|23.14|UN|27317.56|6101|51|25329.86|12.00|3039.58|0.00|0.00|0.00|0.00|0.00|0.00|
|C170|2|PROD007|PARTE SOBRESSALENTE G|33.35|UN|2676.42|6101|40|0.00|12.00|0.00|0.00|0.00|0.00|0.00|0.00|0.00|
|C170|3|PROD002|COMPONENTE ELETRICO B|47.16|UN|2250.24|6101|40|0.00|12.00|0.00|0.00|0.00|0.00|0.00|0.00|0.00|
|C100|1|0|12345678000195|55|00|000000476|000|26012024|28012024|26742.11|5194.81|623.38|0.00|0.00|0.00|0.00|0.00|0.00|0.00|0|55512312300010|
|C170|1|PROD002|COMPONENTE ELETRICO B|18.07|UN|1475.25|6102|70|0.00|12.00|0.00|0.00|0.00|0.00|0.00|0.00|0.00|
|C170|2|PROD004|PRODUTO ACABADO D|24.33|UN|19853.28|6102|40|0.00|12.00|0.00|0.00|0.00|0.00|0.00|0.00|0.00|
|C170|3|PROD006|EMBALAGEM PADRAO F|5.92|UN|45.54|6102|40|0.00|12.00|0.00|0.00|0.00|0.00|0.00|0.00|0.00|
|C170|4|PROD007|PARTE SOBRESSALENTE G|35.88|UN|5368.04|6102|51|5194.81|12.00|623.38|0.00|0.00|0.00|0.00|0.00|0.00|
|C100|1|0|12345678000195|55|00|000000477|000|02012024|03012024|9592.89|8395.77|1007.49|0.00|0.00|0.00|0.00|0.00|0.00|0.00|0|99900011000155|
|C170|1|PROD003|MATERIAL BRUTO C|33.98|UN|9592.89|5403|51|8395.77|12.00|1007.49|0.00|0.00|0.00|0.00|0.00|0.00|
|C100|1|0|12345678000195|55|00|000000478|000|31012024|31012024|13817.74|7908.24|948.98|0.00|0.00|0.00|0.00|0.00|0.00|0.00|0|22244466000133|
|C170|1|PROD002|COMPONENTE ELETRICO B|22.31|UN|1547.64|5403|00|1531.15|12.00|183.74|0.00|0.00|0.00|0.00|0.00|0.00|
|C170|2|PROD002|COMPONENTE ELETRICO B|45.23|UN|3263.34|5403|00|2899.95|12.00|347.99|0.00|0.00|0.00|0.00|0.00|0.00|
|C170|3|PROD007|PARTE SOBRESSALENTE G|24.34|UN|3694.66|5403|00|3215.70|12.00|385.88|0.00|0.00|0.00|0.00|0.00|0.00|
|C170|4|PROD006|EMBALAGEM PADRAO F|27.19|UN|274.11|5403|00|261.44|12.00|31.37|0.00|0.00|0.00|0.00|0.00|0.00|
|C170|5|PROD001|PECA MECANICA TIPO A|43.73|UN|5037.99|5403|41|0.00|12.00|0.00|0.00|0.00|0.00|0.00|0.00|0.00|
|C100|1|0|12345678000195|55|00|000000479|000|03012024|05012024|49367.12|23112.99|2773.56|0.00|0.00|0.00|0.00|0.00|0.00|0.00|0|99900011000155|
|C170|1|PROD006|EMBALAGEM PADRAO F|12.44|UN|84.68|5403|00|73.39|12.00|8.81|0.00|0.00|0.00|0.00|0.00|0.00|
|C170|2|PROD007|PARTE SOBRESSALENTE G|17.67|UN|2251.06|5403|00|2231.48|12.00|267.78|0.00|0.00|0.00|0.00|0.00|0.00|
|C170|3|PROD008|CONJUNTO MONTADO H|29.07|UN|22940.96|5403|10|20808.12|12.00|2496.97|0.00|0.00|0.00|0.00|0.00|0.00|
|C170|4|PROD004|PRODUTO ACABADO D|37.11|UN|24090.42|5403|40|0.00|12.00|0.00|0.00|0.00|0.00|0.00|0.00|0.00|
|C100|1|0|12345678000195|55|00|000000480|000|28012024|31012024|38670.12|35875.47|4305.06|0.00|0.00|0.00|0.00|0.00|0.00|0.00|0|77788899000177|
|C170|1|PROD007|PARTE SOBRESSALENTE G|7.19|UN|956.86|5403|40|0.00|12.00|0.00|0.00|0.00|0.00|0.00|0.00|0.00|
|C170|2|PROD007|PARTE SOBRESSALENTE G|6.22|UN|502.45|5403|51|450.89|12.00|54.11|0.00|0.00|0.00|0.00|0.00|0.00|
|C170|3|PROD008|CONJUNTO MONTADO H|40.99|UN|37210.81|5403|00|35424.58|12.00|4250.95|0.00|0.00|0.00|0.00|0.00|0.00|
|C100|1|0|12345678000195|55|00|000000481|000|20012024|22012024|673.52|673.20|80.78|0.00|0.00|0.00|0.00|0.00|0.00|0.00|0|77788899000177|
|C170|1|PROD005|INSUMO INDUSTRIAL E|16.14|UN|673.52|5102|00|673.20|12.00|80.78|0.00|0.00|0.00|0.00|0.00|0.00|
|C100|1|0|12345678000195|55|00|000000482|000|16012024|17012024|44404.73|43686.24|5242.35|0.00|0.00|0.00|0.00|0.00|0.00|0.00|0|99900011000155|
|C170|1|PROD006|EMBALAGEM PADRAO F|17.32|UN|187.10|5403|00|179.60|12.00|21.55|0.00|0.00|0.00|0.00|0.00|0.00|
|C170|2|PROD004|PRODUTO ACABADO D|40.71|UN|34042.54|5403|00|33355.38|12.00|4002.65|0.00|0.00|0.00|0.00|0.00|0.00|
|C170|3|PROD008|CONJUNTO MONTADO H|9.77|UN|10175.09|5403|10|10151.26|12.00|1218.15|0.00|0.00|0.00|0.00|0.00|0.00|
|C100|1|0|12345678000195|55|00|000000483|000|01012024|04012024|54539.75|43280.19|5193.62|0.00|0.00|0.00|0.00|0.00|0.00|0.00|0|77788899000177|
|C170|1|PROD006|EMBALAGEM PADRAO F|26.86|UN|187.51|5401|40|0.00|12.00|0.00|0.00|0.00|0.00|0.00|0.00|0.00|
|C170|2|PROD008|CONJUNTO MONTADO H|10.56|UN|13721.45|5401|10|11932.65|12.00|1431.92|0.00|0.00|0.00|0.00|0.00|0.00|
|C170|3|PROD007|PARTE SOBRESSALENTE G|37.86|UN|4786.77|5401|50|0.00|12.00|0.00|0.00|0.00|0.00|0.00|0.00|0.00|
|C170|4|PROD004|PRODUTO ACABADO D|42.64|UN|35844.02|5401|20|31347.54|12.00|3761.70|0.00|0.00|0.00|0.00|0.00|0.00|
|C100|1|0|12345678000195|55|00|000000484|000|15012024|18012024|1553.17|1458.05|174.97|0.00|0.00|0.00|0.00|0.00|0.00|0.00|0|77788899000177|
|C170|1|PROD002|COMPONENTE ELETRICO B|10.59|UN|696.84|5401|10|681.80|12.00|81.82|0.00|0.00|0.00|0.00|0.00|0.00|
|C170|2|PROD007|PARTE SOBRESSALENTE G|6.00|UN|856.33|5401|51|776.25|12.00|93.15|0.00|0.00|0.00|0.00|0.00|0.00|
|C100|1|0|12345678000195|55|00|000000485|000|22012024|23012024|8277.43|7675.79|921.09|0.00|0.00|0.00|0.00|0.00|0.00|0.00|0|22244466000133|
|C170|1|PROD003|MATERIAL BRUTO C|24.22|UN|8277.43|5101|00|7675.79|12.00|921.09|0.00|0.00|0.00|0.00|0.00|0.00|
|C100|1|0|12345678000195|55|00|000000486|000|19012024|22012024|15561.57|4953.15|594.38|0.00|0.00|0.00|0.00|0.00|0.00|0.00|0|33366699000100|
|C170|1|PROD002|COMPONENTE ELETRICO B|30.21|UN|1193.07|5102|40|0.00|12.00|0.00|0.00|0.00|0.00|0.00|0.00|0.00|
|C170|2|PROD001|PECA MECANICA TIPO A|39.02|UN|4657.85|5102|40|0.00|12.00|0.00|0.00|0.00|0.00|0.00|0.00|0.00|
|C170|3|PROD004|PRODUTO ACABADO D|5.39|UN|3895.32|5102|50|0.00|12.00|0.00|0.00|0.00|0.00|0.00|0.00|0.00|
|C170|4|PROD003|MATERIAL BRUTO C|19.72|UN|5815.33|5102|20|4953.15|12.00|594.38|0.00|0.00|0.00|0.00|0.00|0.00|
|C100|1|0|12345678000195|55|00|000000487|000|03012024|03012024|65855.40|18391.39|2206.97|0.00|0.00|0.00|0.00|0.00|0.00|0.00|0|55512312300010|
|C170|1|PROD002|COMPONENTE ELETRICO B|5.63|UN|352.68|5403|10|352.68|12.00|42.32|0.00|0.00|0.00|0.00|0.00|0.00|
|C170|2|PROD005|INSUMO INDUSTRIAL E|35.43|UN|817.11|5403|00|734.41|12.00|88.13|0.00|0.00|0.00|0.00|0.00|0.00|
|C170|3|PROD008|CONJUNTO MONTADO H|35.98|UN|46895.21|5403|30|0.00|12.00|0.00|0.00|0.00|0.00|0.00|0.00|0.00|
|C170|4|PROD004|PRODUTO ACABADO D|20.86|UN|17447.31|5403|10|16969.59|12.00|2036.35|0.00|0.00|0.00|0.00|0.00|0.00|
|C170|5|PROD006|EMBALAGEM PADRAO F|39.39|UN|343.09|5403|00|334.71|12.00|40.17|0.00|0.00|0.00|0.00|0.00|0.00|
|C100|1|0|12345678000195|55|00|000000488|000|23012024|23012024|1211.20|0.00|0.00|0.00|0.00|0.00|0.00|0.00|0.00|0.00|0|99900011000155|
|C170|1|PROD002|COMPONENTE ELETRICO B|30.36|UN|1211.20|5102|40|0.00|12.00|0.00|0.00|0.00|0.00|0.00|0.00|0.00|
|C100|1|0|12345678000195|55|00|000000489|000|04012024|04012024|12876.14|6976.90|837.23|0.00|0.00|0.00|0.00|0.00|0.00|0.00|0|33366699000100|
|C170|1|PROD002|COMPONENTE ELETRICO B|49.02|UN|2835.09|5102|10|2641.35|12.00|316.96|0.00|0.00|0.00|0.00|0.00|0.00|
|C170|2|PROD002|COMPONENTE ELETRICO B|21.73|UN|1781.64|5102|00|1594.73|12.00|191.37|0.00|0.00|0.00|0.00|0.00|0.00|
|C170|3|PROD005|INSUMO INDUSTRIAL E|47.37|UN|1374.53|5102|41|0.00|12.00|0.00|0.00|0.00|0.00|0.00|0.00|0.00|
|C170|4|PROD007|PARTE SOBRESSALENTE G|33.30|UN|3849.03|5102|40|0.00|12.00|0.00|0.00|0.00|0.00|0.00|0.00|0.00|
|C170|5|PROD001|PECA MECANICA TIPO A|35.06|UN|3035.85|5102|90|2740.82|12.00|328.90|0.00|0.00|0.00|0.00|0.00|0.00|
|C100|1|0|12345678000195|55|00|000000490|000|17012024|18012024|16.79|16.43|1.97|0.00|0.00|0.00|0.00|0.00|0.00|0.00|0|99900011000155|
|C170|1|PROD006|EMBALAGEM PADRAO F|3.19|UN|16.79|6102|00|16.43|12.00|1.97|0.00|0.00|0.00|0.00|0.00|0.00|
|C100|1|0|12345678000195|55|00|000000491|000|31012024|01022024|12400.16|7524.65|902.96|0.00|0.00|0.00|0.00|0.00|0.00|0.00|0|77788899000177|
|C170|1|PROD002|COMPONENTE ELETRICO B|13.49|UN|688.14|6101|60|0.00|12.00|0.00|0.00|0.00|0.00|0.00|0.00|0.00|
|C170|2|PROD003|MATERIAL BRUTO C|20.60|UN|4377.93|6101|00|4000.56|12.00|480.07|0.00|0.00|0.00|0.00|0.00|0.00|
|C170|3|PROD002|COMPONENTE ELETRICO B|35.03|UN|2083.29|6101|00|1999.75|12.00|239.97|0.00|0.00|0.00|0.00|0.00|0.00|
|C170|4|PROD005|INSUMO INDUSTRIAL E|49.77|UN|1682.83|6101|00|1524.34|12.00|182.92|0.00|0.00|0.00|0.00|0.00|0.00|
|C170|5|PROD001|PECA MECANICA TIPO A|33.21|UN|3567.97|6101|40|0.00|12.00|0.00|0.00|0.00|0.00|0.00|0.00|0.00|
|C100|1|0|12345678000195|55|00|000000492|000|27012024|28012024|41598.40|20667.96|2480.16|0.00|0.00|0.00|0.00|0.00|0.00|0.00|0|22244466000133|
|C170|1|PROD004|PRODUTO ACABADO D|27.04|UN|22399.16|5401|20|20145.89|12.00|2417.51|0.00|0.00|0.00|0.00|0.00|0.00|
|C170|2|PROD008|CONJUNTO MONTADO H|5.36|UN|7163.48|5401|41|0.00|12.00|0.00|0.00|0.00|0.00|0.00|0.00|0.00|
|C170|3|PROD002|COMPONENTE ELETRICO B|8.17|UN|603.76|5401|00|522.07|12.00|62.65|0.00|0.00|0.00|0.00|0.00|0.00|
|C170|4|PROD003|MATERIAL BRUTO C|48.99|UN|11432.00|5401|70|0.00|12.00|0.00|0.00|0.00|0.00|0.00|0.00|0.00|
|C100|1|0|12345678000195|55|00|000000493|000|06012024|08012024|22163.55|729.89|87.59|0.00|0.00|0.00|0.00|0.00|0.00|0.00|0|55512312300010|
|C170|1|PROD001|PECA MECANICA TIPO A|14.28|UN|813.07|6101|00|729.89|12.00|87.59|0.00|0.00|0.00|0.00|0.00|0.00|
|C170|2|PROD003|MATERIAL BRUTO C|37.84|UN|8593.92|6101|50|0.00|12.00|0.00|0.00|0.00|0.00|0.00|0.00|0.00|
|C170|3|PROD005|INSUMO INDUSTRIAL E|34.21|UN|1241.93|6101|40|0.00|12.00|0.00|0.00|0.00|0.00|0.00|0.00|0.00|
|C170|4|PROD003|MATERIAL BRUTO C|44.22|UN|11514.63|6101|40|0.00|12.00|0.00|0.00|0.00|0.00|0.00|0.00|0.00|
|C100|1|0|12345678000195|55|00|000000494|000|01012024|02012024|1824.01|0.00|0.00|0.00|0.00|0.00|0.00|0.00|0.00|0.00|0|33366699000100|
|C170|1|PROD002|COMPONENTE ELETRICO B|14.10|UN|1135.27|6102|40|0.00|12.00|0.00|0.00|0.00|0.00|0.00|0.00|0.00|
|C170|2|PROD005|INSUMO INDUSTRIAL E|19.14|UN|688.74|6102|40|0.00|12.00|0.00|0.00|0.00|0.00|0.00|0.00|0.00|
|C100|1|0|12345678000195|55|00|000000495|000|23012024|26012024|47171.45|15446.21|1853.55|0.00|0.00|0.00|0.00|0.00|0.00|0.00|0|22244466000133|
|C170|1|PROD008|CONJUNTO MONTADO H|21.96|UN|29847.37|5102|60|0.00|12.00|0.00|0.00|0.00|0.00|0.00|0.00|0.00|
|C170|2|PROD007|PARTE SOBRESSALENTE G|40.89|UN|4269.01|5102|51|4235.36|12.00|508.24|0.00|0.00|0.00|0.00|0.00|0.00|
|C170|3|PROD005|INSUMO INDUSTRIAL E|20.92|UN|490.34|5102|00|422.63|12.00|50.72|0.00|0.00|0.00|0.00|0.00|0.00|
|C170|4|PROD003|MATERIAL BRUTO C|36.77|UN|12564.73|5102|00|10788.22|12.00|1294.59|0.00|0.00|0.00|0.00|0.00|0.00|
|C100|1|0|12345678000195|55|00|000000496|000|18012024|21012024|22955.55|4918.56|590.23|0.00|0.00|0.00|0.00|0.00|0.00|0.00|0|33366699000100|
|C170|1|PROD006|EMBALAGEM PADRAO F|34.57|UN|336.72|5101|30|0.00|12.00|0.00|0.00|0.00|0.00|0.00|0.00|0.00|
|C170|2|PROD008|CONJUNTO MONTADO H|7.11|UN|5046.18|5101|00|4918.56|12.00|590.23|0.00|0.00|0.00|0.00|0.00|0.00|
|C170|3|PROD002|COMPONENTE ELETRICO B|1.36|UN|72.42|5101|30|0.00|12.00|0.00|0.00|0.00|0.00|0.00|0.00|0.00|
|C170|4|PROD004|PRODUTO ACABADO D|17.91|UN|17500.23|5101|40|0.00|12.00|0.00|0.00|0.00|0.00|0.00|0.00|0.00|
|C100|1|0|12345678000195|55|00|000000497|000|22012024|22012024|24781.59|276.97|33.24|0.00|0.00|0.00|0.00|0.00|0.00|0.00|0|99900011000155|
|C170|1|PROD008|CONJUNTO MONTADO H|12.03|UN|9052.15|6101|50|0.00|12.00|0.00|0.00|0.00|0.00|0.00|0.00|0.00|
|C170|2|PROD006|EMBALAGEM PADRAO F|26.17|UN|305.42|6101|20|276.97|12.00|33.24|0.00|0.00|0.00|0.00|0.00|0.00|
|C170|3|PROD008|CONJUNTO MONTADO H|19.29|UN|15032.70|6101|60|0.00|12.00|0.00|0.00|0.00|0.00|0.00|0.00|0.00|
|C170|4|PROD005|INSUMO INDUSTRIAL E|13.24|UN|391.32|6101|41|0.00|12.00|0.00|0.00|0.00|0.00|0.00|0.00|0.00|
|C100|1|0|12345678000195|55|00|000000498|000|10012024|12012024|11525.38|0.00|0.00|0.00|0.00|0.00|0.00|0.00|0.00|0.00|0|55512312300010|
|C170|1|PROD003|MATERIAL BRUTO C|20.29|UN|6866.34|5403|60|0.00|12.00|0.00|0.00|0.00|0.00|0.00|0.00|0.00|
|C170|2|PROD001|PECA MECANICA TIPO A|48.00|UN|4132.15|5403|60|0.00|12.00|0.00|0.00|0.00|0.00|0.00|0.00|0.00|
|C170|3|PROD006|EMBALAGEM PADRAO F|46.84|UN|526.89|5403|50|0.00|12.00|0.00|0.00|0.00|0.00|0.00|0.00|0.00|
|C100|1|0|12345678000195|55|00|000000499|000|12012024|12012024|17303.86|14394.13|1727.30|0.00|0.00|0.00|0.00|0.00|0.00|0.00|0|55512312300010|
|C170|1|PROD003|MATERIAL BRUTO C|10.12|UN|2562.69|6101|00|2367.43|12.00|284.09|0.00|0.00|0.00|0.00|0.00|0.00|
|C170|2|PROD003|MATERIAL BRUTO C|5.15|UN|1427.88|6101|00|1240.22|12.00|148.83|0.00|0.00|0.00|0.00|0.00|0.00|
|C170|3|PROD001|PECA MECANICA TIPO A|24.88|UN|1515.13|6101|40|0.00|12.00|0.00|0.00|0.00|0.00|0.00|0.00|0.00|
|C170|4|PROD008|CONJUNTO MONTADO H|12.08|UN|11798.16|6101|00|10786.48|12.00|1294.38|0.00|0.00|0.00|0.00|0.00|0.00|
|C100|1|0|12345678000195|55|00|000000500|000|18012024|20012024|5207.43|4217.49|506.10|0.00|0.00|0.00|0.00|0.00|0.00|0.00|0|77788899000177|
|C170|1|PROD006|EMBALAGEM PADRAO F|1.28|UN|14.38|5101|40|0.00|12.00|0.00|0.00|0.00|0.00|0.00|0.00|0.00|
|C170|2|PROD004|PRODUTO ACABADO D|6.42|UN|4089.85|5101|00|3734.68|12.00|448.16|0.00|0.00|0.00|0.00|0.00|0.00|
|C170|3|PROD002|COMPONENTE ELETRICO B|17.23|UN|546.85|5101|40|0.00|12.00|0.00|0.00|0.00|0.00|0.00|0.00|0.00|
|C170|4|PROD006|EMBALAGEM PADRAO F|47.47|UN|556.35|5101|90|482.81|12.00|57.94|0.00|0.00|0.00|0.00|0.00|0.00|
|C990|1962|
|E001|0|
|E100|01012024|31012024|
|E110|684078.28|0.00|0.00|684078.28|99.11|0.00|0.00|0.00|0.00|0.00|203727.79|203727.79|0.00|0.00|0.00|0.00|0.00|0.00|0.00|0.00|480251.38|
|E990|4|
|9001|0|
|9900|0000|1|
|9900|0001|1|
|9900|0005|1|
|9900|0150|5|
|9900|0990|1|
|9900|9001|1|
|9900|C001|1|
|9900|C100|500|
|9900|C170|1460|
|9900|C990|1|
|9900|E001|1|
|9900|E100|1|
|9900|E110|1|
|9900|E990|1|
|9990|17|
|9999|1992|
