|0000|LEIAUTE 17|01022024|29022024|12345678000195|ALPHA COMERCIO DE PECAS LTDA|SP|111111111111||SAO PAULO|3550308|0|0|
|0001|0|
|0005|ALPHA COMERCIO DE PECAS LTDA|XX.XXX.XXX/XXXX-XX|12345678000195|contato@empresa.com.br|(11) 0000-0000|
|0150|55512312300010|FORNECEDOR NACIONAL LTDA|SP|444444444444||||55512312300010||
|0150|77788899000177|CLIENTE VAREJO SA|RJ|555555555555||||77788899000177||
|0150|33366699000100|DISTRIBUIDORA CENTRO OESTE|GO|666666666666||||33366699000100||
|0150|22244466000133|INDUSTRIA DO NORTE LTDA|PA|777777777777||||22244466000133||
|0150|99900011000155|ATACADO SUL COMERCIO|SC|888888888888||||99900011000155||
|0990|9|
|C001|0|
|C100|1|0|12345678000195|55|00|000000001|000|17022024|20022024|31407.84|26760.97|3211.32|0.00|0.00|0.00|0.00|0.00|0.00|0.00|0|22244466000133|
|C170|1|PROD008|CONJUNTO MONTADO H|39.84|UN|31407.84|5102|10|26760.97|12.00|3211.32|0.00|0.00|0.00|0.00|0.00|0.00|
|C100|1|0|12345678000195|55|00|000000002|000|02022024|04022024|51409.63|15521.24|1862.55|0.00|0.00|0.00|0.00|0.00|0.00|0.00|0|77788899000177|
|C170|1|PROD006|EMBALAGEM PADRAO F|13.14|UN|79.76|5403|30|0.00|12.00|0.00|0.00|0.00|0.00|0.00|0.00|0.00|
|C170|2|PROD004|PRODUTO ACABADO D|13.22|UN|11478.83|5403|51|11468.94|12.00|1376.27|0.00|0.00|0.00|0.00|0.00|0.00|
|C170|3|PROD003|MATERIAL BRUTO C|13.12|UN|4238.94|5403|00|4052.30|12.00|486.28|0.00|0.00|0.00|0.00|0.00|0.00|
|C170|4|PROD004|PRODUTO ACABADO D|40.69|UN|34037.55|5403|30|0.00|12.00|0.00|0.00|0.00|0.00|0.00|0.00|0.00|
|C170|5|PROD007|PARTE SOBRESSALENTE G|9.88|UN|1574.55|5403|40|0.00|12.00|0.00|0.00|0.00|0.00|0.00|0.00|0.00|
|C100|1|0|12345678000195|55|00|000000003|000|08022024|08022024|55955.73|27127.48|3255.30|0.00|0.00|0.00|0.00|0.00|0.00|0.00|0|77788899000177|
|C170|1|PROD001|PECA MECANICA TIPO A|31.21|UN|1759.14|5102|00|1602.74|12.00|192.33|0.00|0.00|0.00|0.00|0.00|0.00|
|C170|2|PROD008|CONJUNTO MONTADO H|16.02|UN|18311.41|5102|00|16488.08|12.00|1978.57|0.00|0.00|0.00|0.00|0.00|0.00|
|C170|3|PROD008|CONJUNTO MONTADO H|24.48|UN|25873.97|5102|40|0.00|12.00|0.00|0.00|0.00|0.00|0.00|0.00|0.00|
|C170|4|PROD004|PRODUTO ACABADO D|15.91|UN|10011.21|5102|00|9036.66|12.00|1084.40|0.00|0.00|0.00|0.00|0.00|0.00|
|C100|1|0|12345678000195|55|00|000000004|000|08022024|10022024|2804.72|2397.68|287.72|0.00|0.00|0.00|0.00|0.00|0.00|0.00|0|22244466000133|
|C170|1|PROD001|PECA MECANICA TIPO A|37.49|UN|2431.05|5101|20|2397.68|12.00|287.72|0.00|0.00|0.00|0.00|0.00|0.00|
|C170|2|PROD001|PECA MECANICA TIPO A|5.94|UN|373.67|5101|70|0.00|12.00|0.00|0.00|0.00|0.00|0.00|0.00|0.00|
|C100|1|0|12345678000195|55|00|000000005|000|11022024|13022024|358.09|323.74|38.85|0.00|0.00|0.00|0.00|0.00|0.00|0.00|0|33366699000100|
|C170|1|PROD006|EMBALAGEM PADRAO F|34.47|UN|358.09|5101|00|323.74|12.00|38.85|0.00|0.00|0.00|0.00|0.00|0.00|
|C100|1|0|12345678000195|55|00|000000006|000|24022024|26022024|72599.93|36044.72|4325.37|0.00|0.00|0.00|0.00|0.00|0.00|0.00|0|33366699000100|
|C170|1|PROD002|COMPONENTE ELETRICO B|7.39|UN|523.79|5102|00|491.31|12.00|58.96|0.00|0.00|0.00|0.00|0.00|0.00|
|C170|2|PROD004|PRODUTO ACABADO D|45.70|UN|37201.47|5102|00|35553.41|12.00|4266.41|0.00|0.00|0.00|0.00|0.00|0.00|
|C170|3|PROD008|CONJUNTO MONTADO H|46.35|UN|34874.67|5102|30|0.00|12.00|0.00|0.00|0.00|0.00|0.00|0.00|0.00|
|C100|1|0|12345678000195|55|00|000000007|000|10022024|13022024|15623.73|13990.41|1678.85|0.00|0.00|0.00|0.00|0.00|0.00|0.00|0|33366699000100|
|C170|1|PROD006|EMBALAGEM PADRAO F|43.98|UN|482.43|5102|60|0.00|12.00|0.00|0.00|0.00|0.00|0.00|0.00|0.00|
|C170|2|PROD001|PECA MECANICA TIPO A|48.78|UN|5494.69|5102|20|5261.71|12.00|631.41|0.00|0.00|0.00|0.00|0.00|0.00|
|C170|3|PROD002|COMPONENTE ELETRICO B|45.63|UN|1538.71|5102|20|1522.86|12.00|182.74|0.00|0.00|0.00|0.00|0.00|0.00|
|C170|4|PROD005|INSUMO INDUSTRIAL E|25.69|UN|400.51|5102|40|0.00|12.00|0.00|0.00|0.00|0.00|0.00|0.00|0.00|
|C170|5|PROD003|MATERIAL BRUTO C|35.14|UN|7707.39|5102|00|7205.84|12.00|864.70|0.00|0.00|0.00|0.00|0.00|0.00|
|C100|1|0|12345678000195|55|00|000000008|000|24022024|27022024|34285.80|24082.29|2889.88|0.00|0.00|0.00|0.00|0.00|0.00|0.00|0|77788899000177|
|C170|1|PROD007|PARTE SOBRESSALENTE G|39.19|UN|4391.91|5403|00|3854.38|12.00|462.53|0.00|0.00|0.00|0.00|0.00|0.00|
|C170|2|PROD008|CONJUNTO MONTADO H|8.84|UN|7535.83|5403|40|0.00|12.00|0.00|0.00|0.00|0.00|0.00|0.00|0.00|
|C170|3|PROD002|COMPONENTE ELETRICO B|44.08|UN|3239.37|5403|20|3097.37|12.00|371.68|0.00|0.00|0.00|0.00|0.00|0.00|
|C170|4|PROD007|PARTE SOBRESSALENTE G|26.73|UN|2787.03|5403|00|2665.06|12.00|319.81|0.00|0.00|0.00|0.00|0.00|0.00|
|C170|5|PROD004|PRODUTO ACABADO D|28.05|UN|16331.66|5403|00|14465.48|12.00|1735.86|0.00|0.00|0.00|0.00|0.00|0.00|
|C100|1|0|12345678000195|55|00|000000009|000|21022024|22022024|9887.24|2049.56|245.95|0.00|0.00|0.00|0.00|0.00|0.00|0.00|0|55512312300010|
|C170|1|PROD003|MATERIAL BRUTO C|32.48|UN|7708.65|5401|50|0.00|12.00|0.00|0.00|0.00|0.00|0.00|0.00|0.00|
|C170|2|PROD007|PARTE SOBRESSALENTE G|27.20|UN|2178.59|5401|10|2049.56|12.00|245.95|0.00|0.00|0.00|0.00|0.00|0.00|
|C100|1|0|12345678000195|55|00|000000010|000|11022024|11022024|92649.78|6740.60|808.88|0.00|0.00|0.00|0.00|0.00|0.00|0.00|0|33366699000100|
|C170|1|PROD003|MATERIAL BRUTO C|31.67|UN|6383.81|6102|10|6125.72|12.00|735.09|0.00|0.00|0.00|0.00|0.00|0.00|
|C170|2|PROD002|COMPONENTE ELETRICO B|14.71|UN|648.20|6102|00|614.88|12.00|73.79|0.00|0.00|0.00|0.00|0.00|0.00|
|C170|3|PROD008|CONJUNTO MONTADO H|43.53|UN|59085.06|6102|40|0.00|12.00|0.00|0.00|0.00|0.00|0.00|0.00|0.00|
|C170|4|PROD003|MATERIAL BRUTO C|36.41|UN|11039.63|6102|70|0.00|12.00|0.00|0.00|0.00|0.00|0.00|0.00|0.00|
|C170|5|PROD008|CONJUNTO MONTADO H|13.61|UN|15493.08|6102|40|0.00|12.00|0.00|0.00|0.00|0.00|0.00|0.00|0.00|
|C100|1|0|12345678000195|55|00|000000011|000|27022024|01032024|10713.23|10159.03|1219.08|0.00|0.00|0.00|0.00|0.00|0.00|0.00|0|77788899000177|
|C170|1|PROD003|MATERIAL BRUTO C|37.89|UN|8463.18|5102|00|8115.71|12.00|973.89|0.00|0.00|0.00|0.00|0.00|0.00|
|C170|2|PROD005|INSUMO INDUSTRIAL E|19.06|UN|750.32|5102|00|658.20|12.00|78.98|0.00|0.00|0.00|0.00|0.00|0.00|
|C170|3|PROD007|PARTE SOBRESSALENTE G|10.07|UN|1499.73|5102|00|1385.12|12.00|166.21|0.00|0.00|0.00|0.00|0.00|0.00|
|C100|1|0|12345678000195|55|00|000000012|000|21022024|23022024|37343.04|4450.93|534.12|0.00|0.00|0.00|0.00|0.00|0.00|0.00|0|77788899000177|
|C170|1|PROD002|COMPONENTE ELETRICO B|30.78|UN|1041.08|5101|00|923.22|12.00|110.79|0.00|0.00|0.00|0.00|0.00|0.00|
|C170|2|PROD002|COMPONENTE ELETRICO B|45.55|UN|3797.25|5101|00|3527.71|12.00|423.33|0.00|0.00|0.00|0.00|0.00|0.00|
|C170|3|PROD004|PRODUTO ACABADO D|36.61|UN|32504.71|5101|40|0.00|12.00|0.00|0.00|0.00|0.00|0.00|0.00|0.00|
|C100|1|0|12345678000195|55|00|000000013|000|13022024|13022024|2720.43|2346.48|281.58|0.00|0.00|0.00|0.00|0.00|0.00|0.00|0|22244466000133|
|C170|1|PROD007|PARTE SOBRESSALENTE G|32.58|UN|2720.43|5101|00|2346.48|12.00|281.58|0.00|0.00|0.00|0.00|0.00|0.00|
|C100|1|0|12345678000195|55|00|000000014|000|21022024|21022024|1562.43|1360.70|163.28|0.00|0.00|0.00|0.00|0.00|0.00|0.00|0|77788899000177|
|C170|1|PROD005|INSUMO INDUSTRIAL E|41.09|UN|1562.43|5101|00|1360.70|12.00|163.28|0.00|0.00|0.00|0.00|0.00|0.00|
|C100|1|0|12345678000195|55|00|000000015|000|29022024|03032024|13063.75|9998.09|1199.77|0.00|0.00|0.00|0.00|0.00|0.00|0.00|0|99900011000155|
|C170|1|PROD003|MATERIAL BRUTO C|34.91|UN|10267.73|5102|00|9998.09|12.00|1199.77|0.00|0.00|0.00|0.00|0.00|0.00|
|C170|2|PROD002|COMPONENTE ELETRICO B|6.04|UN|279.68|5102|30|0.00|12.00|0.00|0.00|0.00|0.00|0.00|0.00|0.00|
|C170|3|PROD001|PECA MECANICA TIPO A|41.99|UN|2516.34|5102|60|0.00|12.00|0.00|0.00|0.00|0.00|0.00|0.00|0.00|
|C100|1|0|12345678000195|55|00|000000016|000|08022024|11022024|26049.72|12061.30|1447.36|0.00|0.00|0.00|0.00|0.00|0.00|0.00|0|55512312300010|
|C170|1|PROD003|MATERIAL BRUTO C|46.16|UN|13971.69|5403|40|0.00|12.00|0.00|0.00|0.00|0.00|0.00|0.00|0.00|
|C170|2|PROD003|MATERIAL BRUTO C|36.03|UN|12078.03|5403|20|12061.30|12.00|1447.36|0.00|0.00|0.00|0.00|0.00|0.00|
|C100|1|0|12345678000195|55|00|000000017|000|04022024|06022024|271.48|0.00|0.00|0.00|0.00|0.00|0.00|0.00|0.00|0.00|0|77788899000177|
|C170|1|PROD005|INSUMO INDUSTRIAL E|6.80|UN|271.48|5401|60|0.00|12.00|0.00|0.00|0.00|0.00|0.00|0.00|0.00|
|C100|1|0|12345678000195|55|00|000000018|000|20022024|21022024|2713.17|1213.90|145.67|0.00|0.00|0.00|0.00|0.00|0.00|0.00|0|55512312300010|
|C170|1|PROD005|INSUMO INDUSTRIAL E|33.70|UN|779.73|5102|50|0.00|12.00|0.00|0.00|0.00|0.00|0.00|0.00|0.00|
|C170|2|PROD005|INSUMO INDUSTRIAL E|18.07|UN|321.84|5102|60|0.00|12.00|0.00|0.00|0.00|0.00|0.00|0.00|0.00|
|C170|3|PROD006|EMBALAGEM PADRAO F|33.42|UN|385.39|5102|50|0.00|12.00|0.00|0.00|0.00|0.00|0.00|0.00|0.00|
|C170|4|PROD002|COMPONENTE ELETRICO B|35.85|UN|1226.21|5102|00|1213.90|12.00|145.67|0.00|0.00|0.00|0.00|0.00|0.00|
|C100|1|0|12345678000195|55|00|000000019|000|25022024|26022024|29149.08|27324.13|3278.90|0.00|0.00|0.00|0.00|0.00|0.00|0.00|0|77788899000177|
|C170|1|PROD004|PRODUTO ACABADO D|39.49|UN|28815.34|5401|00|26990.65|12.00|3238.88|0.00|0.00|0.00|0.00|0.00|0.00|
|C170|2|PROD006|EMBALAGEM PADRAO F|48.02|UN|333.74|5401|00|333.48|12.00|40.02|0.00|0.00|0.00|0.00|0.00|0.00|
|C100|1|0|12345678000195|55|00|000000020|000|25022024|28022024|84754.34|24351.63|2922.20|0.00|0.00|0.00|0.00|0.00|0.00|0.00|0|77788899000177|
|C170|1|PROD004|PRODUTO ACABADO D|30.48|UN|24557.80|5401|00|24351.63|12.00|2922.20|0.00|0.00|0.00|0.00|0.00|0.00|
|C170|2|PROD004|PRODUTO ACABADO D|46.16|UN|31569.52|5401|30|0.00|12.00|0.00|0.00|0.00|0.00|0.00|0.00|0.00|
|C170|3|PROD008|CONJUNTO MONTADO H|27.40|UN|28627.02|5401|30|0.00|12.00|0.00|0.00|0.00|0.00|0.00|0.00|0.00|
|C100|1|0|12345678000195|55|00|000000021|000|13022024|13022024|8787.64|3482.37|417.88|0.00|0.00|0.00|0.00|0.00|0.00|0.00|0|77788899000177|
|C170|1|PROD005|INSUMO INDUSTRIAL E|5.28|UN|130.66|6101|00|127.73|12.00|15.33|0.00|0.00|0.00|0.00|0.00|0.00|
|C170|2|PROD007|PARTE SOBRESSALENTE G|18.76|UN|2211.76|6101|00|1916.54|12.00|229.98|0.00|0.00|0.00|0.00|0.00|0.00|
|C170|3|PROD007|PARTE SOBRESSALENTE G|45.66|UN|4970.68|6101|50|0.00|12.00|0.00|0.00|0.00|0.00|0.00|0.00|0.00|
|C170|4|PROD002|COMPONENTE ELETRICO B|39.15|UN|1474.54|6101|20|1438.10|12.00|172.57|0.00|0.00|0.00|0.00|0.00|0.00|
|C100|1|0|12345678000195|55|00|000000022|000|14022024|15022024|7214.73|4081.41|489.77|0.00|0.00|0.00|0.00|0.00|0.00|0.00|0|99900011000155|
|C170|1|PROD001|PECA MECANICA TIPO A|48.14|UN|4779.44|5102|10|4081.41|12.00|489.77|0.00|0.00|0.00|0.00|0.00|0.00|
|C170|2|PROD002|COMPONENTE ELETRICO B|48.28|UN|2435.29|5102|40|0.00|12.00|0.00|0.00|0.00|0.00|0.00|0.00|0.00|
|C100|1|0|12345678000195|55|00|000000023|000|03022024|06022024|9362.19|8742.64|1049.12|0.00|0.00|0.00|0.00|0.00|0.00|0.00|0|99900011000155|
|C170|1|PROD001|PECA MECANICA TIPO A|4.87|UN|269.80|6101|40|0.00|12.00|0.00|0.00|0.00|0.00|0.00|0.00|0.00|
|C170|2|PROD003|MATERIAL BRUTO C|40.87|UN|9092.39|6101|00|8742.64|12.00|1049.12|0.00|0.00|0.00|0.00|0.00|0.00|
|C100|1|0|12345678000195|55|00|000000024|000|23022024|25022024|19369.33|17564.61|2107.74|0.00|0.00|0.00|0.00|0.00|0.00|0.00|0|99900011000155|
|C170|1|PROD006|EMBALAGEM PADRAO F|6.45|UN|34.97|5403|40|0.00|12.00|0.00|0.00|0.00|0.00|0.00|0.00|0.00|
|C170|2|PROD004|PRODUTO ACABADO D|30.61|UN|17852.51|5403|00|16236.12|12.00|1948.33|0.00|0.00|0.00|0.00|0.00|0.00|
|C170|3|PROD006|EMBALAGEM PADRAO F|21.76|UN|253.25|5403|20|242.29|12.00|29.07|0.00|0.00|0.00|0.00|0.00|0.00|
|C170|4|PROD001|PECA MECANICA TIPO A|13.64|UN|1228.60|5403|10|1086.20|12.00|130.34|0.00|0.00|0.00|0.00|0.00|0.00|
|C100|1|0|12345678000195|55|00|000000025|000|09022024|09022024|13822.23|0.00|0.00|0.00|0.00|0.00|0.00|0.00|0.00|0.00|0|77788899000177|
|C170|1|PROD008|CONJUNTO MONTADO H|11.73|UN|9716.05|6101|40|0.00|12.00|0.00|0.00|0.00|0.00|0.00|0.00|0.00|
|C170|2|PROD002|COMPONENTE ELETRICO B|28.41|UN|2167.02|6101|50|0.00|12.00|0.00|0.00|0.00|0.00|0.00|0.00|0.00|
|C170|3|PROD002|COMPONENTE ELETRICO B|23.95|UN|1131.30|6101|40|0.00|12.00|0.00|0.00|0.00|0.00|0.00|0.00|0.00|
|C170|4|PROD005|INSUMO INDUSTRIAL E|41.53|UN|807.86|6101|50|0.00|12.00|0.00|0.00|0.00|0.00|0.00|0.00|0.00|
|C100|1|0|12345678000195|55|00|000000026|000|07022024|09022024|3338.55|2979.09|357.49|0.00|0.00|0.00|0.00|0.00|0.00|0.00|0|22244466000133|
|C170|1|PROD001|PECA MECANICA TIPO A|30.56|UN|3338.55|5101|00|2979.09|12.00|357.49|0.00|0.00|0.00|0.00|0.00|0.00|
|C100|1|0|12345678000195|55|00|000000027|000|04022024|04022024|22760.49|6571.93|788.63|0.00|0.00|0.00|0.00|0.00|0.00|0.00|0|99900011000155|
|C170|1|PROD001|PECA MECANICA TIPO A|12.78|UN|714.82|5102|40|0.00|12.00|0.00|0.00|0.00|0.00|0.00|0.00|0.00|
|C170|2|PROD008|CONJUNTO MONTADO H|3.20|UN|4448.37|5102|20|3813.18|12.00|457.58|0.00|0.00|0.00|0.00|0.00|0.00|
|C170|3|PROD002|COMPONENTE ELETRICO B|5.57|UN|261.48|5102|90|251.74|12.00|30.21|0.00|0.00|0.00|0.00|0.00|0.00|
|C170|4|PROD002|COMPONENTE ELETRICO B|47.98|UN|2759.21|5102|10|2507.01|12.00|300.84|0.00|0.00|0.00|0.00|0.00|0.00|
|C170|5|PROD008|CONJUNTO MONTADO H|18.44|UN|14576.61|5102|40|0.00|12.00|0.00|0.00|0.00|0.00|0.00|0.00|0.00|
|C100|1|0|12345678000195|55|00|000000028|000|14022024|14022024|5672.62|2360.99|283.32|0.00|0.00|0.00|0.00|0.00|0.00|0.00|0|33366699000100|
|C170|1|PROD001|PECA MECANICA TIPO A|24.37|UN|2700.79|6101|00|2360.99|12.00|283.32|0.00|0.00|0.00|0.00|0.00|0.00|
|C170|2|PROD007|PARTE SOBRESSALENTE G|34.44|UN|2971.83|6101|40|0.00|12.00|0.00|0.00|0.00|0.00|0.00|0.00|0.00|
|C100|1|0|12345678000195|55|00|000000029|000|29022024|01032024|8520.71|2585.60|310.27|0.00|0.00|0.00|0.00|0.00|0.00|0.00|0|77788899000177|
|C170|1|PROD007|PARTE SOBRESSALENTE G|48.22|UN|5849.09|6102|40|0.00|12.00|0.00|0.00|0.00|0.00|0.00|0.00|0.00|
|C170|2|PROD002|COMPONENTE ELETRICO B|32.92|UN|2671.62|6102|10|2585.60|12.00|310.27|0.00|0.00|0.00|0.00|0.00|0.00|
|C100|1|0|12345678000195|55|00|000000030|000|10022024|12022024|7807.86|2817.26|338.07|0.00|0.00|0.00|0.00|0.00|0.00|0.00|0|33366699000100|
|C170|1|PROD001|PECA MECANICA TIPO A|49.85|UN|4610.41|6101|70|0.00|12.00|0.00|0.00|0.00|0.00|0.00|0.00|0.00|
|C170|2|PROD006|EMBALAGEM PADRAO F|28.78|UN|344.18|6101|00|293.32|12.00|35.20|0.00|0.00|0.00|0.00|0.00|0.00|
|C170|3|PROD006|EMBALAGEM PADRAO F|38.55|UN|276.40|6101|51|268.00|12.00|32.16|0.00|0.00|0.00|0.00|0.00|0.00|
|C170|4|PROD002|COMPONENTE ELETRICO B|44.86|UN|2576.87|6101|20|2255.94|12.00|270.71|0.00|0.00|0.00|0.00|0.00|0.00|
|C100|1|0|12345678000195|55|00|000000031|000|06022024|06022024|22806.62|9739.37|1168.73|0.00|0.00|0.00|0.00|0.00|0.00|0.00|0|33366699000100|
|C170|1|PROD003|MATERIAL BRUTO C|24.19|UN|5766.90|5401|51|5464.39|12.00|655.73|0.00|0.00|0.00|0.00|0.00|0.00|
|C170|2|PROD001|PECA MECANICA TIPO A|7.88|UN|462.52|5401|40|0.00|12.00|0.00|0.00|0.00|0.00|0.00|0.00|0.00|
|C170|3|PROD002|COMPONENTE ELETRICO B|2.94|UN|227.12|5401|20|222.25|12.00|26.67|0.00|0.00|0.00|0.00|0.00|0.00|
|C170|4|PROD007|PARTE SOBRESSALENTE G|45.94|UN|4149.30|5401|10|4052.73|12.00|486.33|0.00|0.00|0.00|0.00|0.00|0.00|
|C170|5|PROD003|MATERIAL BRUTO C|47.65|UN|12200.78|5401|40|0.00|12.00|0.00|0.00|0.00|0.00|0.00|0.00|0.00|
|C100|1|0|12345678000195|55|00|000000032|000|15022024|17022024|1139.54|1108.98|133.08|0.00|0.00|0.00|0.00|0.00|0.00|0.00|0|99900011000155|
|C170|1|PROD005|INSUMO INDUSTRIAL E|32.55|UN|1139.54|6102|00|1108.98|12.00|133.08|0.00|0.00|0.00|0.00|0.00|0.00|
|C100|1|0|12345678000195|55|00|000000033|000|05022024|05022024|45800.84|39174.99|4701.00|0.00|0.00|0.00|0.00|0.00|0.00|0.00|0|55512312300010|
|C170|1|PROD002|COMPONENTE ELETRICO B|23.65|UN|831.13|5401|20|786.56|12.00|94.39|0.00|0.00|0.00|0.00|0.00|0.00|
|C170|2|PROD004|PRODUTO ACABADO D|45.11|UN|32617.50|5401|00|31305.19|12.00|3756.62|0.00|0.00|0.00|0.00|0.00|0.00|
|C170|3|PROD001|PECA MECANICA TIPO A|45.96|UN|5265.18|5401|41|0.00|12.00|0.00|0.00|0.00|0.00|0.00|0.00|0.00|
|C170|4|PROD004|PRODUTO ACABADO D|10.77|UN|7087.03|5401|10|7083.24|12.00|849.99|0.00|0.00|0.00|0.00|0.00|0.00|
|C100|1|0|12345678000195|55|00|000000034|000|07022024|10022024|61639.13|50188.77|6022.66|0.00|0.00|0.00|0.00|0.00|0.00|0.00|0|22244466000133|
|C170|1|PROD004|PRODUTO ACABADO D|8.13|UN|4898.08|5101|40|0.00|12.00|0.00|0.00|0.00|0.00|0.00|0.00|0.00|
|C170|2|PROD005|INSUMO INDUSTRIAL E|49.40|UN|1773.57|5101|00|1722.63|12.00|206.72|0.00|0.00|0.00|0.00|0.00|0.00|
|C170|3|PROD008|CONJUNTO MONTADO H|39.69|UN|54967.48|5101|00|48466.14|12.00|5815.94|0.00|0.00|0.00|0.00|0.00|0.00|
|C100|1|0|12345678000195|55|00|000000035|000|25022024|28022024|5420.22|1461.04|175.32|0.00|0.00|0.00|0.00|0.00|0.00|0.00|0|55512312300010|
|C170|1|PROD006|EMBALAGEM PADRAO F|20.85|UN|147.81|5401|40|0.00|12.00|0.00|0.00|0.00|0.00|0.00|0.00|0.00|
|C170|2|PROD001|PECA MECANICA TIPO A|43.69|UN|3789.49|5401|40|0.00|12.00|0.00|0.00|0.00|0.00|0.00|0.00|0.00|
|C170|3|PROD001|PECA MECANICA TIPO A|13.71|UN|1482.92|5401|00|1461.04|12.00|175.32|0.00|0.00|0.00|0.00|0.00|0.00|
|C100|1|0|12345678000195|55|00|000000036|000|25022024|27022024|22673.37|20065.39|2407.84|0.00|0.00|0.00|0.00|0.00|0.00|0.00|0|33366699000100|
|C170|1|PROD003|MATERIAL BRUTO C|24.30|UN|7370.37|5102|00|7035.04|12.00|844.20|0.00|0.00|0.00|0.00|0.00|0.00|
|C170|2|PROD004|PRODUTO ACABADO D|18.38|UN|15303.00|5102|10|13030.35|12.00|1563.64|0.00|0.00|0.00|0.00|0.00|0.00|
|C100|1|0|12345678000195|55|00|000000037|000|07022024|07022024|58817.77|56745.76|6809.49|0.00|0.00|0.00|0.00|0.00|0.00|0.00|0|99900011000155|
|C170|1|PROD005|INSUMO INDUSTRIAL E|37.10|UN|873.68|6102|00|802.74|12.00|96.33|0.00|0.00|0.00|0.00|0.00|0.00|
|C170|2|PROD003|MATERIAL BRUTO C|8.23|UN|2712.03|6102|00|2699.82|12.00|323.98|0.00|0.00|0.00|0.00|0.00|0.00|
|C170|3|PROD008|CONJUNTO MONTADO H|20.91|UN|22261.47|6102|00|20426.77|12.00|2451.21|0.00|0.00|0.00|0.00|0.00|0.00|
|C170|4|PROD008|CONJUNTO MONTADO H|41.79|UN|32932.88|6102|20|32782.00|12.00|3933.84|0.00|0.00|0.00|0.00|0.00|0.00|
|C170|5|PROD006|EMBALAGEM PADRAO F|5.78|UN|37.71|6102|90|34.43|12.00|4.13|0.00|0.00|0.00|0.00|0.00|0.00|
|C100|1|0|12345678000195|55|00|000000038|000|25022024|26022024|6505.58|6092.28|731.07|0.00|0.00|0.00|0.00|0.00|0.00|0.00|0|99900011000155|
|C170|1|PROD002|COMPONENTE ELETRICO B|47.80|UN|2407.21|6101|10|2155.16|12.00|258.62|0.00|0.00|0.00|0.00|0.00|0.00|
|C170|2|PROD002|COMPONENTE ELETRICO B|16.04|UN|1203.88|6101|00|1113.43|12.00|133.61|0.00|0.00|0.00|0.00|0.00|0.00|
|C170|3|PROD002|COMPONENTE ELETRICO B|49.95|UN|2636.02|6101|10|2568.08|12.00|308.17|0.00|0.00|0.00|0.00|0.00|0.00|
|C170|4|PROD006|EMBALAGEM PADRAO F|21.87|UN|258.47|6101|10|255.61|12.00|30.67|0.00|0.00|0.00|0.00|0.00|0.00|
|C100|1|0|12345678000195|55|00|000000039|000|14022024|16022024|10013.75|1963.70|235.64|0.00|0.00|0.00|0.00|0.00|0.00|0.00|0|22244466000133|
|C170|1|PROD005|INSUMO INDUSTRIAL E|22.44|UN|508.20|5102|40|0.00|12.00|0.00|0.00|0.00|0.00|0.00|0.00|0.00|
|C170|2|PROD005|INSUMO INDUSTRIAL E|46.33|UN|1767.10|5102|90|1715.66|12.00|205.88|0.00|0.00|0.00|0.00|0.00|0.00|
|C170|3|PROD004|PRODUTO ACABADO D|6.09|UN|4941.55|5102|40|0.00|12.00|0.00|0.00|0.00|0.00|0.00|0.00|0.00|
|C170|4|PROD007|PARTE SOBRESSALENTE G|21.15|UN|2532.23|5102|41|0.00|12.00|0.00|0.00|0.00|0.00|0.00|0.00|0.00|
|C170|5|PROD006|EMBALAGEM PADRAO F|46.43|UN|264.67|5102|20|248.04|12.00|29.76|0.00|0.00|0.00|0.00|0.00|0.00|
|C100|1|0|12345678000195|55|00|000000040|000|22022024|24022024|46248.61|44919.09|5390.29|0.00|0.00|0.00|0.00|0.00|0.00|0.00|0|55512312300010|
|C170|1|PROD002|COMPONENTE ELETRICO B|19.67|UN|801.87|5403|20|696.56|12.00|83.59|0.00|0.00|0.00|0.00|0.00|0.00|
|C170|2|PROD004|PRODUTO ACABADO D|48.41|UN|45446.74|5403|20|44222.53|12.00|5306.70|0.00|0.00|0.00|0.00|0.00|0.00|
|C100|1|0|12345678000195|55|00|000000041|000|01022024|03022024|40813.62|16148.63|1937.83|0.00|0.00|0.00|0.00|0.00|0.00|0.00|0|22244466000133|
|C170|1|PROD003|MATERIAL BRUTO C|21.32|UN|5036.66|5102|60|0.00|12.00|0.00|0.00|0.00|0.00|0.00|0.00|0.00|
|C170|2|PROD008|CONJUNTO MONTADO H|21.31|UN|15150.77|5102|00|13729.03|12.00|1647.48|0.00|0.00|0.00|0.00|0.00|0.00|
|C170|3|PROD003|MATERIAL BRUTO C|41.02|UN|13249.55|5102|40|0.00|12.00|0.00|0.00|0.00|0.00|0.00|0.00|0.00|
|C170|4|PROD007|PARTE SOBRESSALENTE G|17.42|UN|2730.08|5102|90|2419.60|12.00|290.35|0.00|0.00|0.00|0.00|0.00|0.00|
|C170|5|PROD007|PARTE SOBRESSALENTE G|48.70|UN|4646.56|5102|40|0.00|12.00|0.00|0.00|0.00|0.00|0.00|0.00|0.00|
|C100|1|0|12345678000195|55|00|000000042|000|26022024|29022024|68099.31|45854.18|5502.50|0.00|0.00|0.00|0.00|0.00|0.00|0.00|0|55512312300010|
|C170|1|PROD008|CONJUNTO MONTADO H|22.43|UN|17266.68|5102|50|0.00|12.00|0.00|0.00|0.00|0.00|0.00|0.00|0.00|
|C170|2|PROD002|COMPONENTE ELETRICO B|25.71|UN|1664.14|5102|41|0.00|12.00|0.00|0.00|0.00|0.00|0.00|0.00|0.00|
|C170|3|PROD008|CONJUNTO MONTADO H|42.31|UN|48195.03|5102|00|44962.87|12.00|5395.54|0.00|0.00|0.00|0.00|0.00|0.00|
|C170|4|PROD005|INSUMO INDUSTRIAL E|47.49|UN|973.46|5102|00|891.31|12.00|106.96|0.00|0.00|0.00|0.00|0.00|0.00|
|C100|1|0|12345678000195|55|00|000000043|000|05022024|05022024|43538.49|23875.09|2865.01|0.00|0.00|0.00|0.00|0.00|0.00|0.00|0|99900011000155|
|C170|1|PROD008|CONJUNTO MONTADO H|23.23|UN|26532.11|6101|10|23506.34|12.00|2820.76|0.00|0.00|0.00|0.00|0.00|0.00|
|C170|2|PROD001|PECA MECANICA TIPO A|45.00|UN|3184.96|6101|30|0.00|12.00|0.00|0.00|0.00|0.00|0.00|0.00|0.00|
|C170|3|PROD004|PRODUTO ACABADO D|13.02|UN|11382.19|6101|41|0.00|12.00|0.00|0.00|0.00|0.00|0.00|0.00|0.00|
|C170|4|PROD006|EMBALAGEM PADRAO F|38.75|UN|372.38|6101|00|368.75|12.00|44.25|0.00|0.00|0.00|0.00|0.00|0.00|
|C170|5|PROD002|COMPONENTE ELETRICO B|31.74|UN|2066.85|6101|40|0.00|12.00|0.00|0.00|0.00|0.00|0.00|0.00|0.00|
|C100|1|0|12345678000195|55|00|000000044|000|04022024|07022024|1671.39|1544.59|185.35|0.00|0.00|0.00|0.00|0.00|0.00|0.00|0|55512312300010|
|C170|1|PROD001|PECA MECANICA TIPO A|14.84|UN|1671.39|6101|00|1544.59|12.00|185.35|0.00|0.00|0.00|0.00|0.00|0.00|
|C100|1|0|12345678000195|55|00|000000045|000|27022024|28022024|1111.32|0.00|0.00|0.00|0.00|0.00|0.00|0.00|0.00|0.00|0|33366699000100|
|C170|1|PROD004|PRODUTO ACABADO D|2.08|UN|1111.32|5403|70|0.00|12.00|0.00|0.00|0.00|0.00|0.00|0.00|0.00|
|C100|1|0|12345678000195|55|00|000000046|000|07022024|10022024|30766.76|26200.08|3144.01|0.00|0.00|0.00|0.00|0.00|0.00|0.00|0|55512312300010|
|C170|1|PROD006|EMBALAGEM PADRAO F|15.64|UN|177.19|5403|40|0.00|12.00|0.00|0.00|0.00|0.00|0.00|0.00|0.00|
|C170|2|PROD004|PRODUTO ACABADO D|31.93|UN|29065.29|5403|00|26200.08|12.00|3144.01|0.00|0.00|0.00|0.00|0.00|0.00|
|C170|3|PROD002|COMPONENTE ELETRICO B|17.99|UN|1524.28|5403|40|0.00|12.00|0.00|0.00|0.00|0.00|0.00|0.00|0.00|
|C100|1|0|12345678000195|55|00|000000047|000|06022024|08022024|1649.35|1462.18|175.46|0.00|0.00|0.00|0.00|0.00|0.00|0.00|0|55512312300010|
|C170|1|PROD005|INSUMO INDUSTRIAL E|26.38|UN|937.88|5101|00|848.53|12.00|101.82|0.00|0.00|0.00|0.00|0.00|0.00|
|C170|2|PROD005|INSUMO INDUSTRIAL E|45.03|UN|711.47|5101|00|613.65|12.00|73.64|0.00|0.00|0.00|0.00|0.00|0.00|
|C100|1|0|12345678000195|55|00|000000048|000|09022024|11022024|32393.31|6156.14|738.74|0.00|0.00|0.00|0.00|0.00|0.00|0.00|0|77788899000177|
|C170|1|PROD008|CONJUNTO MONTADO H|28.02|UN|25389.40|5403|40|0.00|12.00|0.00|0.00|0.00|0.00|0.00|0.00|0.00|
|C170|2|PROD003|MATERIAL BRUTO C|25.29|UN|7003.91|5403|10|6156.14|12.00|738.74|0.00|0.00|0.00|0.00|0.00|0.00|
|C100|1|0|12345678000195|55|00|000000049|000|07022024|09022024|902.60|0.00|0.00|0.00|0.00|0.00|0.00|0.00|0.00|0.00|0|77788899000177|
|C170|1|PROD005|INSUMO INDUSTRIAL E|38.56|UN|902.60|5403|41|0.00|12.00|0.00|0.00|0.00|0.00|0.00|0.00|0.00|
|C100|1|0|12345678000195|55|00|000000050|000|14022024|17022024|9055.56|1503.17|180.38|0.00|0.00|0.00|0.00|0.00|0.00|0.00|0|22244466000133|
|C170|1|PROD006|EMBALAGEM PADRAO F|28.79|UN|219.38|5403|40|0.00|12.00|0.00|0.00|0.00|0.00|0.00|0.00|0.00|
|C170|2|PROD007|PARTE SOBRESSALENTE G|4.15|UN|387.43|5403|00|359.03|12.00|43.08|0.00|0.00|0.00|0.00|0.00|0.00|
|C170|3|PROD005|INSUMO INDUSTRIAL E|29.76|UN|682.03|5403|50|0.00|12.00|0.00|0.00|0.00|0.00|0.00|0.00|0.00|
|C170|4|PROD005|INSUMO INDUSTRIAL E|32.61|UN|1338.97|5403|10|1144.14|12.00|137.30|0.00|0.00|0.00|0.00|0.00|0.00|
|C170|5|PROD004|PRODUTO ACABADO D|9.81|UN|6427.75|5403|41|0.00|12.00|0.00|0.00|0.00|0.00|0.00|0.00|0.00|
|C100|1|0|12345678000195|55|00|000000051|000|08022024|08022024|11253.26|3080.84|369.70|0.00|0.00|0.00|0.00|0.00|0.00|0.00|0|33366699000100|
|C170|1|PROD003|MATERIAL BRUTO C|16.61|UN|3349.44|5102|10|3080.84|12.00|369.70|0.00|0.00|0.00|0.00|0.00|0.00|
|C170|2|PROD007|PARTE SOBRESSALENTE G|39.97|UN|6070.99|5102|40|0.00|12.00|0.00|0.00|0.00|0.00|0.00|0.00|0.00|
|C170|3|PROD001|PECA MECANICA TIPO A|19.89|UN|1832.83|5102|30|0.00|12.00|0.00|0.00|0.00|0.00|0.00|0.00|0.00|
|C100|1|0|12345678000195|55|00|000000052|000|18022024|20022024|36563.49|1723.05|206.77|0.00|0.00|0.00|0.00|0.00|0.00|0.00|0|55512312300010|
|C170|1|PROD008|CONJUNTO MONTADO H|34.42|UN|34583.73|6102|50|0.00|12.00|0.00|0.00|0.00|0.00|0.00|0.00|0.00|
|C170|2|PROD007|PARTE SOBRESSALENTE G|10.71|UN|899.23|6102|20|770.66|12.00|92.48|0.00|0.00|0.00|0.00|0.00|0.00|
|C170|3|PROD006|EMBALAGEM PADRAO F|14.45|UN|84.22|6102|20|79.18|12.00|9.50|0.00|0.00|0.00|0.00|0.00|0.00|
|C170|4|PROD005|INSUMO INDUSTRIAL E|29.97|UN|640.69|6102|00|546.30|12.00|65.56|0.00|0.00|0.00|0.00|0.00|0.00|
|C170|5|PROD006|EMBALAGEM PADRAO F|39.38|UN|355.62|6102|00|326.91|12.00|39.23|0.00|0.00|0.00|0.00|0.00|0.00|
|C100|1|0|12345678000195|55|00|000000053|000|27022024|01032024|53635.74|51547.80|6185.74|0.00|0.00|0.00|0.00|0.00|0.00|0.00|0|77788899000177|
|C170|1|PROD008|CONJUNTO MONTADO H|40.32|UN|48640.83|5101|00|46843.74|12.00|5621.25|0.00|0.00|0.00|0.00|0.00|0.00|
|C170|2|PROD001|PECA MECANICA TIPO A|20.62|UN|1833.88|5101|10|1727.24|12.00|207.27|0.00|0.00|0.00|0.00|0.00|0.00|
|C170|3|PROD006|EMBALAGEM PADRAO F|20.27|UN|200.30|5101|20|195.75|12.00|23.49|0.00|0.00|0.00|0.00|0.00|0.00|
|C170|4|PROD001|PECA MECANICA TIPO A|48.39|UN|2830.82|5101|10|2668.60|12.00|320.23|0.00|0.00|0.00|0.00|0.00|0.00|
|C170|5|PROD001|PECA MECANICA TIPO A|2.44|UN|129.91|5101|00|112.47|12.00|13.50|0.00|0.00|0.00|0.00|0.00|0.00|
|C100|1|0|12345678000195|55|00|000000054|000|28022024|02032024|4383.32|11.99|1.44|0.00|0.00|0.00|0.00|0.00|0.00|0.00|0|33366699000100|
|C170|1|PROD001|PECA MECANICA TIPO A|40.80|UN|4371.12|5102|30|0.00|12.00|0.00|0.00|0.00|0.00|0.00|0.00|0.00|
|C170|2|PROD006|EMBALAGEM PADRAO F|1.24|UN|12.20|5102|00|11.99|12.00|1.44|0.00|0.00|0.00|0.00|0.00|0.00|
|C100|1|0|12345678000195|55|00|000000055|000|04022024|04022024|11062.83|10562.79|1267.53|0.00|0.00|0.00|0.00|0.00|0.00|0.00|0|55512312300010|
|C170|1|PROD003|MATERIAL BRUTO C|34.71|UN|11062.83|5401|10|10562.79|12.00|1267.53|0.00|0.00|0.00|0.00|0.00|0.00|
|C100|1|0|12345678000195|55|00|000000056|000|19022024|22022024|11851.68|0.00|0.00|0.00|0.00|0.00|0.00|0.00|0.00|0.00|0|77788899000177|
|C170|1|PROD003|MATERIAL BRUTO C|29.62|UN|9701.80|5101|60|0.00|12.00|0.00|0.00|0.00|0.00|0.00|0.00|0.00|
|C170|2|PROD002|COMPONENTE ELETRICO B|32.21|UN|2149.88|5101|30|0.00|12.00|0.00|0.00|0.00|0.00|0.00|0.00|0.00|
|C100|1|0|12345678000195|55|00|000000057|000|19022024|22022024|25851.20|11852.83|1422.34|0.00|0.00|0.00|0.00|0.00|0.00|0.00|0|77788899000177|
|C170|1|PROD008|CONJUNTO MONTADO H|13.93|UN|12636.80|6102|00|11799.96|12.00|1416.00|0.00|0.00|0.00|0.00|0.00|0.00|
|C170|2|PROD003|MATERIAL BRUTO C|43.77|UN|13084.03|6102|40|0.00|12.00|0.00|0.00|0.00|0.00|0.00|0.00|0.00|
|C170|3|PROD006|EMBALAGEM PADRAO F|11.09|UN|61.54|6102|90|52.87|12.00|6.34|0.00|0.00|0.00|0.00|0.00|0.00|
|C170|4|PROD002|COMPONENTE ELETRICO B|1.64|UN|68.83|6102|50|0.00|12.00|0.00|0.00|0.00|0.00|0.00|0.00|0.00|
|C100|1|0|12345678000195|55|00|000000058|000|16022024|16022024|7480.59|0.00|0.00|0.00|0.00|0.00|0.00|0.00|0.00|0.00|0|77788899000177|
|C170|1|PROD007|PARTE SOBRESSALENTE G|26.18|UN|2750.94|5401|70|0.00|12.00|0.00|0.00|0.00|0.00|0.00|0.00|0.00|
|C170|2|PROD007|PARTE SOBRESSALENTE G|35.72|UN|4729.65|5401|50|0.00|12.00|0.00|0.00|0.00|0.00|0.00|0.00|0.00|
|C100|1|0|12345678000195|55|00|000000059|000|05022024|06022024|16527.95|13829.19|1659.50|0.00|0.00|0.00|0.00|0.00|0.00|0.00|0|55512312300010|
|C170|1|PROD008|CONJUNTO MONTADO H|10.21|UN|9132.74|5401|00|8183.59|12.00|982.03|0.00|0.00|0.00|0.00|0.00|0.00|
|C170|2|PROD007|PARTE SOBRESSALENTE G|43.62|UN|5752.43|5401|00|5645.60|12.00|677.47|0.00|0.00|0.00|0.00|0.00|0.00|
|C170|3|PROD005|INSUMO INDUSTRIAL E|37.51|UN|806.38|5401|60|0.00|12.00|0.00|0.00|0.00|0.00|0.00|0.00|0.00|
|C170|4|PROD007|PARTE SOBRESSALENTE G|10.16|UN|836.40|5401|40|0.00|12.00|0.00|0.00|0.00|0.00|0.00|0.00|0.00|
|C100|1|0|12345678000195|55|00|000000060|000|12022024|14022024|29250.36|25627.53|3075.30|0.00|0.00|0.00|0.00|0.00|0.00|0.00|0|22244466000133|
|C170|1|PROD001|PECA MECANICA TIPO A|3.60|UN|249.03|5101|00|235.90|12.00|28.31|0.00|0.00|0.00|0.00|0.00|0.00|
|C170|2|PROD004|PRODUTO ACABADO D|36.87|UN|25912.31|5101|00|23590.67|12.00|2830.88|0.00|0.00|0.00|0.00|0.00|0.00|
|C170|3|PROD002|COMPONENTE ELETRICO B|30.11|UN|1780.29|5101|20|1629.03|12.00|195.48|0.00|0.00|0.00|0.00|0.00|0.00|
|C170|4|PROD005|INSUMO INDUSTRIAL E|34.38|UN|1115.53|5101|70|0.00|12.00|0.00|0.00|0.00|0.00|0.00|0.00|0.00|
|C170|5|PROD005|INSUMO INDUSTRIAL E|11.76|UN|193.20|5101|00|171.93|12.00|20.63|0.00|0.00|0.00|0.00|0.00|0.00|
|C100|1|0|12345678000195|55|00|000000061|000|18022024|18022024|20598.38|20027.28|2403.28|0.00|0.00|0.00|0.00|0.00|0.00|0.00|0|55512312300010|
|C170|1|PROD008|CONJUNTO MONTADO H|20.82|UN|20302.84|5401|00|19767.05|12.00|2372.05|0.00|0.00|0.00|0.00|0.00|0.00|
|C170|2|PROD006|EMBALAGEM PADRAO F|34.89|UN|295.54|5401|00|260.23|12.00|31.23|0.00|0.00|0.00|0.00|0.00|0.00|
|C100|1|0|12345678000195|55|00|000000062|000|23022024|25022024|2541.01|2276.23|273.15|0.00|0.00|0.00|0.00|0.00|0.00|0.00|0|33366699000100|
|C170|1|PROD001|PECA MECANICA TIPO A|25.66|UN|2541.01|6102|20|2276.23|12.00|273.15|0.00|0.00|0.00|0.00|0.00|0.00|
|C100|1|0|12345678000195|55|00|000000063|000|06022024|08022024|950.87|903.24|108.39|0.00|0.00|0.00|0.00|0.00|0.00|0.00|0|77788899000177|
|C170|1|PROD002|COMPONENTE ELETRICO B|17.28|UN|950.87|6102|90|903.24|12.00|108.39|0.00|0.00|0.00|0.00|0.00|0.00|
|C100|1|0|12345678000195|55|00|000000064|000|11022024|11022024|7393.42|6558.46|787.02|0.00|0.00|0.00|0.00|0.00|0.00|0.00|0|22244466000133|
|C170|1|PROD008|CONJUNTO MONTADO H|1.48|UN|1397.98|5102|20|1188.49|12.00|142.62|0.00|0.00|0.00|0.00|0.00|0.00|
|C170|2|PROD002|COMPONENTE ELETRICO B|43.79|UN|2451.69|5102|00|2090.33|12.00|250.84|0.00|0.00|0.00|0.00|0.00|0.00|
|C170|3|PROD007|PARTE SOBRESSALENTE G|34.32|UN|3543.75|5102|00|3279.64|12.00|393.56|0.00|0.00|0.00|0.00|0.00|0.00|
|C100|1|0|12345678000195|55|00|000000065|000|25022024|25022024|16259.32|0.00|0.00|0.00|0.00|0.00|0.00|0.00|0.00|0.00|0|77788899000177|
|C170|1|PROD007|PARTE SOBRESSALENTE G|18.19|UN|2249.13|5101|40|0.00|12.00|0.00|0.00|0.00|0.00|0.00|0.00|0.00|
|C170|2|PROD003|MATERIAL BRUTO C|13.42|UN|3608.24|5101|50|0.00|12.00|0.00|0.00|0.00|0.00|0.00|0.00|0.00|
|C170|3|PROD004|PRODUTO ACABADO D|15.76|UN|10401.95|5101|30|0.00|12.00|0.00|0.00|0.00|0.00|0.00|0.00|0.00|
|C100|1|0|12345678000195|55|00|000000066|000|16022024|16022024|25713.16|64.71|7.77|0.00|0.00|0.00|0.00|0.00|0.00|0.00|0|99900011000155|
|C170|1|PROD006|LINHA_CORROMPIDA|
|C170|2|PROD001|PECA MECANICA TIPO A|48.69|UN|3659.62|5401|40|0.00|12.00|0.00|0.00|0.00|0.00|0.00|0.00|0.00|
|C170|3|PROD008|CONJUNTO MONTADO H|10.50|UN|14365.15|5401|40|0.00|12.00|0.00|0.00|0.00|0.00|0.00|0.00|0.00|
|C170|4|PROD007|PARTE SOBRESSALENTE G|48.31|UN|7254.26|5401|40|0.00|12.00|0.00|0.00|0.00|0.00|0.00|0.00|0.00|
|C170|5|PROD006|EMBALAGEM PADRAO F|45.06|UN|366.80|5401|70|0.00|12.00|0.00|0.00|0.00|0.00|0.00|0.00|0.00|
|C100|1|0|12345678000195|55|00|000000067|000|06022024|08022024|102344.12|97712.92|11725.55|0.00|0.00|0.00|0.00|0.00|0.00|0.00|0|99900011000155|
|C170|1|PROD008|CONJUNTO MONTADO H|49.70|UN|45554.29|6102|00|42274.91|12.00|5072.99|0.00|0.00|0.00|0.00|0.00|0.00|
|C170|2|PROD004|PRODUTO ACABADO D|17.82|UN|14148.01|6102|20|12991.47|12.00|1558.98|0.00|0.00|0.00|0.00|0.00|0.00|
|C170|3|PROD004|PRODUTO ACABADO D|48.44|UN|42641.82|6102|00|42446.54|12.00|5093.58|0.00|0.00|0.00|0.00|0.00|0.00|
|C100|1|0|12345678000195|55|00|000000068|000|22022024|23022024|4689.38|4503.88|540.47|0.00|0.00|0.00|0.00|0.00|0.00|0.00|0|22244466000133|
|C170|1|PROD005|INSUMO INDUSTRIAL E|28.35|UN|549.69|5403|20|472.56|12.00|56.71|0.00|0.00|0.00|0.00|0.00|0.00|
|C170|2|PROD003|MATERIAL BRUTO C|15.44|UN|4139.69|5403|00|4031.32|12.00|483.76|0.00|0.00|0.00|0.00|0.00|0.00|
|C100|1|0|12345678000195|55|00|000000069|000|02022024|05022024|16686.34|15059.97|1807.20|0.00|0.00|0.00|0.00|0.00|0.00|0.00|0|55512312300010|
|C170|1|PROD004|PRODUTO ACABADO D|33.35|UN|16686.34|5401|00|15059.97|12.00|1807.20|0.00|0.00|0.00|0.00|0.00|0.00|
|C100|1|0|12345678000195|55|00|000000070|000|26022024|27022024|44315.90|2211.02|265.32|0.00|0.00|0.00|0.00|0.00|0.00|0.00|0|33366699000100|
|C170|1|PROD002|COMPONENTE ELETRICO B|45.99|UN|2115.31|5101|00|2094.03|12.00|251.28|0.00|0.00|0.00|0.00|0.00|0.00|
|C170|2|PROD006|EMBALAGEM PADRAO F|13.19|UN|128.58|5101|10|116.99|12.00|14.04|0.00|0.00|0.00|0.00|0.00|0.00|
|C170|3|PROD004|PRODUTO ACABADO D|45.30|UN|42072.01|5101|60|0.00|12.00|0.00|0.00|0.00|0.00|0.00|0.00|0.00|
|C100|1|0|12345678000195|55|00|000000071|000|10022024|11022024|4495.94|1047.78|125.73|0.00|0.00|0.00|0.00|0.00|0.00|0.00|0|99900011000155|
|C170|1|PROD006|EMBALAGEM PADRAO F|10.78|UN|64.12|6101|40|0.00|12.00|0.00|0.00|0.00|0.00|0.00|0.00|0.00|
|C170|2|PROD003|MATERIAL BRUTO C|15.75|UN|3352.66|6101|40|0.00|12.00|0.00|0.00|0.00|0.00|0.00|0.00|0.00|
|C170|3|PROD005|INSUMO INDUSTRIAL E|31.79|UN|945.38|6101|10|927.78|12.00|111.33|0.00|0.00|0.00|0.00|0.00|0.00|
|C170|4|PROD006|EMBALAGEM PADRAO F|22.41|UN|133.78|6101|20|120.00|12.00|14.40|0.00|0.00|0.00|0.00|0.00|0.00|
|C100|1|0|12345678000195|55|00|000000072|000|15022024|17022024|54913.93|19118.36|2294.20|0.00|0.00|0.00|0.00|0.00|0.00|0.00|0|33366699000100|
|C170|1|PROD004|PRODUTO ACABADO D|47.92|UN|33639.65|5403|41|0.00|12.00|0.00|0.00|0.00|0.00|0.00|0.00|0.00|
|C170|2|PROD004|PRODUTO ACABADO D|31.14|UN|20093.20|5403|00|18623.00|12.00|2234.76|0.00|0.00|0.00|0.00|0.00|0.00|
|C170|3|PROD001|PECA MECANICA TIPO A|7.24|UN|636.99|5403|40|0.00|12.00|0.00|0.00|0.00|0.00|0.00|0.00|0.00|
|C170|4|PROD005|INSUMO INDUSTRIAL E|15.37|UN|544.09|5403|10|495.36|12.00|59.44|0.00|0.00|0.00|0.00|0.00|0.00|
|C100|1|0|12345678000195|55|00|000000073|000|15022024|18022024|3978.59|3439.93|412.79|0.00|0.00|0.00|0.00|0.00|0.00|0.00|0|55512312300010|
|C170|1|PROD001|PECA MECANICA TIPO A|41.66|UN|3978.59|5101|10|3439.93|12.00|412.79|0.00|0.00|0.00|0.00|0.00|0.00|
|C100|1|0|12345678000195|55|00|000000074|000|19022024|22022024|7372.42|3411.88|409.42|0.00|0.00|0.00|0.00|0.00|0.00|0.00|0|33366699000100|
|C170|1|PROD007|PARTE SOBRESSALENTE G|26.03|UN|3575.48|6102|40|0.00|12.00|0.00|0.00|0.00|0.00|0.00|0.00|0.00|
|C170|2|PROD001|PECA MECANICA TIPO A|26.30|UN|2349.37|6102|90|2045.03|12.00|245.40|0.00|0.00|0.00|0.00|0.00|0.00|
|C170|3|PROD005|INSUMO INDUSTRIAL E|44.86|UN|1447.57|6102|00|1366.85|12.00|164.02|0.00|0.00|0.00|0.00|0.00|0.00|
|C100|1|0|12345678000195|55|00|000000075|000|26022024|29022024|4410.39|3825.52|459.06|0.00|0.00|0.00|0.00|0.00|0.00|0.00|0|55512312300010|
|C170|1|PROD001|PECA MECANICA TIPO A|30.59|UN|1788.36|6101|00|1574.91|12.00|188.99|0.00|0.00|0.00|0.00|0.00|0.00|
|C170|2|PROD001|PECA MECANICA TIPO A|24.21|UN|2622.03|6101|20|2250.61|12.00|270.07|0.00|0.00|0.00|0.00|0.00|0.00|
|C100|1|0|12345678000195|55|00|000000076|000|10022024|13022024|9626.31|5272.30|632.68|0.00|0.00|0.00|0.00|0.00|0.00|0.00|0|55512312300010|
|C170|1|PROD007|PARTE SOBRESSALENTE G|27.79|UN|4049.69|5403|40|0.00|12.00|0.00|0.00|0.00|0.00|0.00|0.00|0.00|
|C170|2|PROD007|PARTE SOBRESSALENTE G|43.11|UN|5576.62|5403|20|5272.30|12.00|632.68|0.00|0.00|0.00|0.00|0.00|0.00|
|C100|1|0|12345678000195|55|00|000000077|000|05022024|06022024|13085.61|11504.37|1380.53|0.00|0.00|0.00|0.00|0.00|0.00|0.00|0|77788899000177|
|C170|1|PROD006|EMBALAGEM PADRAO F|47.99|UN|405.56|5102|40|0.00|12.00|0.00|0.00|0.00|0.00|0.00|0.00|0.00|
|C170|2|PROD005|INSUMO INDUSTRIAL E|20.17|UN|682.49|5102|00|622.80|12.00|74.74|0.00|0.00|0.00|0.00|0.00|0.00|
|C170|3|PROD004|PRODUTO ACABADO D|21.82|UN|11201.50|5102|20|10469.27|12.00|1256.31|0.00|0.00|0.00|0.00|0.00|0.00|
|C170|4|PROD003|MATERIAL BRUTO C|1.54|UN|377.93|5102|40|0.00|12.00|0.00|0.00|0.00|0.00|0.00|0.00|0.00|
|C170|5|PROD006|EMBALAGEM PADRAO F|44.77|UN|418.13|5102|00|412.30|12.00|49.48|0.00|0.00|0.00|0.00|0.00|0.00|
|C100|1|0|12345678000195|55|00|000000078|000|15022024|18022024|24072.14|0.00|0.00|0.00|0.00|0.00|0.00|0.00|0.00|0.00|0|77788899000177|
|C170|1|PROD008|CONJUNTO MONTADO H|18.53|UN|24072.14|5401|30|0.00|12.00|0.00|0.00|0.00|0.00|0.00|0.00|0.00|
|C100|1|0|12345678000195|55|00|000000079|000|29022024|03032024|556.33|0.00|0.00|0.00|0.00|0.00|0.00|0.00|0.00|0.00|0|33366699000100|
|C170|1|PROD002|COMPONENTE ELETRICO B|8.42|UN|556.33|6101|40|0.00|12.00|0.00|0.00|0.00|0.00|0.00|0.00|0.00|
|C100|1|0|12345678000195|55|00|000000080|000|23022024|24022024|38269.82|0.00|0.00|0.00|0.00|0.00|0.00|0.00|0.00|0.00|0|22244466000133|
|C170|1|PROD008|CONJUNTO MONTADO H|24.70|UN|33936.73|5401|40|0.00|12.00|0.00|0.00|0.00|0.00|0.00|0.00|0.00|
|C170|2|PROD001|PECA MECANICA TIPO A|9.84|UN|979.86|5401|30|0.00|12.00|0.00|0.00|0.00|0.00|0.00|0.00|0.00|
|C170|3|PROD007|PARTE SOBRESSALENTE G|33.29|UN|3353.23|5401|40|0.00|12.00|0.00|0.00|0.00|0.00|0.00|0.00|0.00|
|C100|1|0|12345678000195|55|00|000000081|000|19022024|21022024|10461.02|5217.95|626.15|0.00|0.00|0.00|0.00|0.00|0.00|0.00|0|99900011000155|
|C170|1|PROD007|PARTE SOBRESSALENTE G|33.60|UN|4030.08|6101|40|0.00|12.00|0.00|0.00|0.00|0.00|0.00|0.00|0.00|
|C170|2|PROD001|PECA MECANICA TIPO A|16.86|UN|1116.23|6101|41|0.00|12.00|0.00|0.00|0.00|0.00|0.00|0.00|0.00|
|C170|3|PROD001|PECA MECANICA TIPO A|45.95|UN|4856.03|6101|00|4769.17|12.00|572.30|0.00|0.00|0.00|0.00|0.00|0.00|
|C170|4|PROD006|EMBALAGEM PADRAO F|36.68|UN|282.07|6101|90|278.79|12.00|33.45|0.00|0.00|0.00|0.00|0.00|0.00|
|C170|5|PROD002|COMPONENTE ELETRICO B|4.03|UN|176.61|6101|00|169.99|12.00|20.40|0.00|0.00|0.00|0.00|0.00|0.00|
|C100|1|0|12345678000195|55|00|000000082|000|25022024|27022024|19902.13|19868.91|2384.27|0.00|0.00|0.00|0.00|0.00|0.00|0.00|0|22244466000133|
|C170|1|PROD008|CONJUNTO MONTADO H|16.74|UN|19902.13|6101|10|19868.91|12.00|2384.27|0.00|0.00|0.00|0.00|0.00|0.00|
|C100|1|0|12345678000195|55|00|000000083|000|18022024|19022024|26872.47|375.78|45.09|0.00|0.00|0.00|0.00|0.00|0.00|0.00|0|99900011000155|
|C170|1|PROD004|PRODUTO ACABADO D|37.37|UN|26468.21|5102|30|0.00|12.00|0.00|0.00|0.00|0.00|0.00|0.00|0.00|
|C170|2|PROD006|EMBALAGEM PADRAO F|39.71|UN|222.38|5102|00|221.04|12.00|26.52|0.00|0.00|0.00|0.00|0.00|0.00|
|C170|3|PROD002|COMPONENTE ELETRICO B|5.71|UN|181.88|5102|00|154.74|12.00|18.57|0.00|0.00|0.00|0.00|0.00|0.00|
|C100|1|0|12345678000195|55|00|000000084|000|19022024|19022024|43972.65|43278.31|5193.40|0.00|0.00|0.00|0.00|0.00|0.00|0.00|0|22244466000133|
|C170|1|PROD006|EMBALAGEM PADRAO F|36.69|UN|319.17|5401|00|281.23|12.00|33.75|0.00|0.00|0.00|0.00|0.00|0.00|
|C170|2|PROD008|CONJUNTO MONTADO H|41.55|UN|43653.48|5401|10|42997.08|12.00|5159.65|0.00|0.00|0.00|0.00|0.00|0.00|
|C100|1|0|12345678000195|55|00|000000085|000|26022024|26022024|4659.09|2216.45|265.97|0.00|0.00|0.00|0.00|0.00|0.00|0.00|0|77788899000177|
|C170|1|PROD006|EMBALAGEM PADRAO F|26.34|UN|150.43|5403|20|129.03|12.00|15.48|0.00|0.00|0.00|0.00|0.00|0.00|
|C170|2|PROD007|PARTE SOBRESSALENTE G|27.49|UN|2248.35|5403|50|0.00|12.00|0.00|0.00|0.00|0.00|0.00|0.00|0.00|
|C170|3|PROD005|INSUMO INDUSTRIAL E|15.21|UN|568.06|5403|10|513.35|12.00|61.60|0.00|0.00|0.00|0.00|0.00|0.00|
|C170|4|PROD002|COMPONENTE ELETRICO B|43.75|UN|1692.25|5403|00|1574.07|12.00|188.89|0.00|0.00|0.00|0.00|0.00|0.00|
|C100|1|0|12345678000195|55|00|000000086|000|28022024|01032024|86159.64|27598.50|3311.81|0.00|0.00|0.00|0.00|0.00|0.00|0.00|0|77788899000177|
|C170|1|PROD001|PECA MECANICA TIPO A|13.89|UN|723.67|5403|10|643.44|12.00|77.21|0.00|0.00|0.00|0.00|0.00|0.00|
|C170|2|PROD006|EMBALAGEM PADRAO F|17.39|UN|180.02|5403|00|167.79|12.00|20.13|0.00|0.00|0.00|0.00|0.00|0.00|
|C170|3|PROD001|PECA MECANICA TIPO A|36.96|UN|4238.94|5403|40|0.00|12.00|0.00|0.00|0.00|0.00|0.00|0.00|0.00|
|C170|4|PROD004|PRODUTO ACABADO D|44.03|UN|26997.86|5403|00|26787.27|12.00|3214.47|0.00|0.00|0.00|0.00|0.00|0.00|
|C170|5|PROD008|CONJUNTO MONTADO H|45.31|UN|54019.15|5403|41|0.00|12.00|0.00|0.00|0.00|0.00|0.00|0.00|0.00|
|C100|1|0|12345678000195|55|00|000000087|000|12022024|12022024|60093.02|3293.34|395.20|0.00|0.00|0.00|0.00|0.00|0.00|0.00|0|55512312300010|
|C170|1|PROD006|EMBALAGEM PADRAO F|36.44|UN|208.82|5403|20|184.55|12.00|22.15|0.00|0.00|0.00|0.00|0.00|0.00|
|C170|2|PROD008|CONJUNTO MONTADO H|18.16|UN|18786.17|5403|41|0.00|12.00|0.00|0.00|0.00|0.00|0.00|0.00|0.00|
|C170|3|PROD008|CONJUNTO MONTADO H|43.95|UN|37768.51|5403|70|0.00|12.00|0.00|0.00|0.00|0.00|0.00|0.00|0.00|
|C170|4|PROD004|PRODUTO ACABADO D|2.29|UN|2005.24|5403|00|1887.37|12.00|226.48|0.00|0.00|0.00|0.00|0.00|0.00|
|C170|5|PROD002|COMPONENTE ELETRICO B|19.59|UN|1324.28|5403|00|1221.42|12.00|146.57|0.00|0.00|0.00|0.00|0.00|0.00|
|C100|1|0|12345678000195|55|00|000000088|000|25022024|28022024|38750.84|30435.93|3652.31|0.00|0.00|0.00|0.00|0.00|0.00|0.00|0|22244466000133|
|C170|1|PROD004|PRODUTO ACABADO D|7.75|UN|5504.92|6102|60|0.00|12.00|0.00|0.00|0.00|0.00|0.00|0.00|0.00|
|C170|2|PROD004|PRODUTO ACABADO D|49.14|UN|33245.92|6102|00|30435.93|12.00|3652.31|0.00|0.00|0.00|0.00|0.00|0.00|
|C100|1|0|12345678000195|55|00|000000089|000|08022024|09022024|9518.34|6365.89|763.91|0.00|0.00|0.00|0.00|0.00|0.00|0.00|0|55512312300010|
|C170|1|PROD001|PECA MECANICA TIPO A|3.24|UN|344.15|5101|51|305.43|12.00|36.65|0.00|0.00|0.00|0.00|0.00|0.00|
|C170|2|PROD004|PRODUTO ACABADO D|3.79|UN|1996.47|5101|20|1781.63|12.00|213.80|0.00|0.00|0.00|0.00|0.00|0.00|
|C170|3|PROD007|PARTE SOBRESSALENTE G|16.39|UN|2101.29|5101|60|0.00|12.00|0.00|0.00|0.00|0.00|0.00|0.00|0.00|
|C170|4|PROD007|PARTE SOBRESSALENTE G|49.91|UN|4510.50|5101|10|4278.83|12.00|513.46|0.00|0.00|0.00|0.00|0.00|0.00|
|C170|5|PROD005|INSUMO INDUSTRIAL E|33.17|UN|565.93|5101|70|0.00|12.00|0.00|0.00|0.00|0.00|0.00|0.00|0.00|
|C100|1|0|12345678000195|55|00|000000090|000|16022024|18022024|26514.60|6908.13|828.97|0.00|0.00|0.00|0.00|0.00|0.00|0.00|0|77788899000177|
|C170|1|PROD006|EMBALAGEM PADRAO F|33.03|UN|287.02|5102|00|274.01|12.00|32.88|0.00|0.00|0.00|0.00|0.00|0.00|
|C170|2|PROD008|CONJUNTO MONTADO H|25.67|UN|18938.59|5102|60|0.00|12.00|0.00|0.00|0.00|0.00|0.00|0.00|0.00|
|C170|3|PROD007|PARTE SOBRESSALENTE G|35.57|UN|4615.21|5102|00|4063.85|12.00|487.66|0.00|0.00|0.00|0.00|0.00|0.00|
|C170|4|PROD003|MATERIAL BRUTO C|7.72|UN|2673.78|5102|00|2570.27|12.00|308.43|0.00|0.00|0.00|0.00|0.00|0.00|
|C100|1|0|12345678000195|55|00|000000091|000|04022024|06022024|2491.45|145.68|17.48|0.00|0.00|0.00|0.00|0.00|0.00|0.00|0|77788899000177|
|C170|1|PROD001|PECA MECANICA TIPO A|22.57|UN|2336.18|6102|70|0.00|12.00|0.00|0.00|0.00|0.00|0.00|0.00|0.00|
|C170|2|PROD002|COMPONENTE ELETRICO B|2.04|UN|155.27|6102|00|145.68|12.00|17.48|0.00|0.00|0.00|0.00|0.00|0.00|
|C100|1|0|12345678000195|55|00|000000092|000|27022024|27022024|27731.89|2068.79|248.25|0.00|0.00|0.00|0.00|0.00|0.00|0.00|0|33366699000100|
|C170|1|PROD007|PARTE SOBRESSALENTE G|19.75|UN|2281.17|5101|00|2068.79|12.00|248.25|0.00|0.00|0.00|0.00|0.00|0.00|
|C170|2|PROD004|PRODUTO ACABADO D|33.34|UN|25188.68|5101|40|0.00|12.00|0.00|0.00|0.00|0.00|0.00|0.00|0.00|
|C170|3|PROD001|PECA MECANICA TIPO A|2.53|UN|262.04|5101|70|0.00|12.00|0.00|0.00|0.00|0.00|0.00|0.00|0.00|
|C100|1|0|12345678000195|55|00|000000093|000|25022024|27022024|10021.05|2457.56|294.91|0.00|0.00|0.00|0.00|0.00|0.00|0.00|0|99900011000155|
|C170|1|PROD002|COMPONENTE ELETRICO B|39.35|UN|3189.94|5401|41|0.00|12.00|0.00|0.00|0.00|0.00|0.00|0.00|0.00|
|C170|2|PROD001|PECA MECANICA TIPO A|40.56|UN|3599.07|5401|70|0.00|12.00|0.00|0.00|0.00|0.00|0.00|0.00|0.00|
|C170|3|PROD006|EMBALAGEM PADRAO F|46.69|UN|327.30|5401|90|304.46|12.00|36.54|0.00|0.00|0.00|0.00|0.00|0.00|
|C170|4|PROD005|INSUMO INDUSTRIAL E|21.77|UN|749.25|5401|41|0.00|12.00|0.00|0.00|0.00|0.00|0.00|0.00|0.00|
|C170|5|PROD007|PARTE SOBRESSALENTE G|13.74|UN|2155.49|5401|20|2153.10|12.00|258.37|0.00|0.00|0.00|0.00|0.00|0.00|
|C100|1|0|12345678000195|55|00|000000094|000|05022024|05022024|3880.86|1196.10|143.53|0.00|0.00|0.00|0.00|0.00|0.00|0.00|0|77788899000177|
|C170|1|PROD001|PECA MECANICA TIPO A|17.54|UN|1361.38|5401|40|0.00|12.00|0.00|0.00|0.00|0.00|0.00|0.00|0.00|
|C170|2|PROD002|COMPONENTE ELETRICO B|18.72|UN|1240.59|5401|41|0.00|12.00|0.00|0.00|0.00|0.00|0.00|0.00|0.00|
|C170|3|PROD005|INSUMO INDUSTRIAL E|40.70|UN|1278.89|5401|00|1196.10|12.00|143.53|0.00|0.00|0.00|0.00|0.00|0.00|
|C100|1|0|12345678000195|55|00|000000095|000|27022024|29022024|79653.58|45419.95|5450.39|0.00|0.00|0.00|0.00|0.00|0.00|0.00|0|33366699000100|
|C170|1|PROD004|PRODUTO ACABADO D|24.53|UN|22206.52|5102|00|19070.69|12.00|2288.48|0.00|0.00|0.00|0.00|0.00|0.00|
|C170|2|PROD004|PRODUTO ACABADO D|47.00|UN|29738.33|5102|40|0.00|12.00|0.00|0.00|0.00|0.00|0.00|0.00|0.00|
|C170|3|PROD004|PRODUTO ACABADO D|16.39|UN|8697.24|5102|00|8391.94|12.00|1007.03|0.00|0.00|0.00|0.00|0.00|0.00|
|C170|4|PROD008|CONJUNTO MONTADO H|14.53|UN|19011.49|5102|00|17957.32|12.00|2154.88|0.00|0.00|0.00|0.00|0.00|0.00|
|C100|1|0|12345678000195|55|00|000000096|000|28022024|28022024|85.75|76.97|9.24|0.00|0.00|0.00|0.00|0.00|0.00|0.00|0|77788899000177|
|C170|1|PROD006|EMBALAGEM PADRAO F|10.03|UN|85.75|5102|20|76.97|12.00|9.24|0.00|0.00|0.00|0.00|0.00|0.00|
|C100|1|0|12345678000195|55|00|000000097|000|23022024|24022024|47883.11|41150.48|4938.06|0.00|0.00|0.00|0.00|0.00|0.00|0.00|0|99900011000155|
|C170|1|PROD008|CONJUNTO MONTADO H|42.62|UN|45958.65|5101|00|40682.81|12.00|4881.94|0.00|0.00|0.00|0.00|0.00|0.00|
|C170|2|PROD001|PECA MECANICA TIPO A|6.35|UN|542.78|5101|00|467.67|12.00|56.12|0.00|0.00|0.00|0.00|0.00|0.00|
|C170|3|PROD007|PARTE SOBRESSALENTE G|11.00|UN|1381.68|5101|50|0.00|12.00|0.00|0.00|0.00|0.00|0.00|0.00|0.00|
|C100|1|0|12345678000195|55|00|000000098|000|03022024|06022024|2989.17|669.34|80.32|0.00|0.00|0.00|0.00|0.00|0.00|0.00|0|22244466000133|
|C170|1|PROD001|PECA MECANICA TIPO A|18.65|UN|2206.02|5401|60|0.00|12.00|0.00|0.00|0.00|0.00|0.00|0.00|0.00|
|C170|2|PROD005|INSUMO INDUSTRIAL E|19.36|UN|783.15|5401|00|669.34|12.00|80.32|0.00|0.00|0.00|0.00|0.00|0.00|
|C100|1|0|12345678000195|55|00|000000099|000|02022024|04022024|10752.57|8247.40|989.69|0.00|0.00|0.00|0.00|0.00|0.00|0.00|0|33366699000100|
|C170|1|PROD001|PECA MECANICA TIPO A|25.90|UN|2349.22|5102|10|2072.55|12.00|248.71|0.00|0.00|0.00|0.00|0.00|0.00|
|C170|2|PROD005|INSUMO INDUSTRIAL E|41.71|UN|662.29|5102|40|0.00|12.00|0.00|0.00|0.00|0.00|0.00|0.00|0.00|
|C170|3|PROD007|PARTE SOBRESSALENTE G|19.67|UN|3144.34|5102|00|2709.15|12.00|325.10|0.00|0.00|0.00|0.00|0.00|0.00|
|C170|4|PROD005|INSUMO INDUSTRIAL E|46.84|UN|986.45|5102|30|0.00|12.00|0.00|0.00|0.00|0.00|0.00|0.00|0.00|
|C170|5|PROD007|PARTE SOBRESSALENTE G|29.15|UN|3610.27|5102|20|3465.70|12.00|415.88|0.00|0.00|0.00|0.00|0.00|0.00|
|C100|1|0|12345678000195|55|00|000000100|000|26022024|26022024|11421.00|1355.90|162.71|0.00|0.00|0.00|0.00|0.00|0.00|0.00|0|99900011000155|
|C170|1|PROD006|EMBALAGEM PADRAO F|29.19|UN|332.15|6101|10|322.14|12.00|38.66|0.00|0.00|0.00|0.00|0.00|0.00|
|C170|2|PROD005|INSUMO INDUSTRIAL E|48.90|UN|1038.06|6101|10|1033.76|12.00|124.05|0.00|0.00|0.00|0.00|0.00|0.00|
|C170|3|PROD003|MATERIAL BRUTO C|34.96|UN|9325.85|6101|70|0.00|12.00|0.00|0.00|0.00|0.00|0.00|0.00|0.00|
|C170|4|PROD002|COMPONENTE ELETRICO B|21.09|UN|724.94|6101|40|0.00|12.00|0.00|0.00|0.00|0.00|0.00|0.00|0.00|
|C100|1|0|12345678000195|55|00|000000101|000|12022024|15022024|53080.20|24119.89|2894.39|0.00|0.00|0.00|0.00|0.00|0.00|0.00|0|55512312300010|
|C170|1|PROD004|PRODUTO ACABADO D|28.90|UN|25917.46|6101|00|24119.89|12.00|2894.39|0.00|0.00|0.00|0.00|0.00|0.00|
|C170|2|PROD004|PRODUTO ACABADO D|39.05|UN|27162.74|6101|40|0.00|12.00|0.00|0.00|0.00|0.00|0.00|0.00|0.00|
|C100|1|0|12345678000195|55|00|000000102|000|20022024|22022024|22809.86|3742.39|449.09|0.00|0.00|0.00|0.00|0.00|0.00|0.00|0|77788899000177|
|C170|1|PROD003|MATERIAL BRUTO C|49.18|UN|14084.87|5401|40|0.00|12.00|0.00|0.00|0.00|0.00|0.00|0.00|0.00|
|C170|2|PROD001|PECA MECANICA TIPO A|38.86|UN|4390.79|5401|51|3742.39|12.00|449.09|0.00|0.00|0.00|0.00|0.00|0.00|
|C170|3|PROD004|PRODUTO ACABADO D|6.92|UN|4334.20|5401|40|0.00|12.00|0.00|0.00|0.00|0.00|0.00|0.00|0.00|
|C100|1|0|12345678000195|55|00|000000103|000|24022024|24022024|202.85|188.09|22.57|0.00|0.00|0.00|0.00|0.00|0.00|0.00|0|22244466000133|
|C170|1|PROD007|PARTE SOBRESSALENTE G|2.17|UN|202.85|5102|00|188.09|12.00|22.57|0.00|0.00|0.00|0.00|0.00|0.00|
|C100|1|0|12345678000195|55|00|000000104|000|13022024|16022024|21387.96|0.00|0.00|0.00|0.00|0.00|0.00|0.00|0.00|0.00|0|99900011000155|
|C170|1|PROD004|PRODUTO ACABADO D|35.89|UN|19993.72|5401|60|0.00|12.00|0.00|0.00|0.00|0.00|0.00|0.00|0.00|
|C170|2|PROD005|INSUMO INDUSTRIAL E|45.02|UN|1394.24|5401|40|0.00|12.00|0.00|0.00|0.00|0.00|0.00|0.00|0.00|
|C100|1|0|12345678000195|55|00|000000105|000|03022024|05022024|8896.75|3467.43|416.09|0.00|0.00|0.00|0.00|0.00|0.00|0.00|0|55512312300010|
|C170|1|PROD006|EMBALAGEM PADRAO F|35.31|UN|357.65|5403|40|0.00|12.00|0.00|0.00|0.00|0.00|0.00|0.00|0.00|
|C170|2|PROD006|EMBALAGEM PADRAO F|29.89|UN|321.00|5403|30|0.00|12.00|0.00|0.00|0.00|0.00|0.00|0.00|0.00|
|C170|3|PROD004|PRODUTO ACABADO D|8.46|UN|4262.14|5403|40|0.00|12.00|0.00|0.00|0.00|0.00|0.00|0.00|0.00|
|C170|4|PROD007|PARTE SOBRESSALENTE G|34.02|UN|3955.96|5403|10|3467.43|12.00|416.09|0.00|0.00|0.00|0.00|0.00|0.00|
|C100|1|0|12345678000195|55|00|000000106|000|09022024|09022024|21810.03|0.00|0.00|0.00|0.00|0.00|0.00|0.00|0.00|0.00|0|99900011000155|
|C170|1|PROD004|PRODUTO ACABADO D|26.73|UN|19888.76|5102|60|0.00|12.00|0.00|0.00|0.00|0.00|0.00|0.00|0.00|
|C170|2|PROD001|PECA MECANICA TIPO A|14.98|UN|1151.51|5102|41|0.00|12.00|0.00|0.00|0.00|0.00|0.00|0.00|0.00|
|C170|3|PROD005|INSUMO INDUSTRIAL E|47.72|UN|769.76|5102|70|0.00|12.00|0.00|0.00|0.00|0.00|0.00|0.00|0.00|
|C100|1|0|12345678000195|55|00|000000107|000|14022024|16022024|15777.73|3529.48|423.54|0.00|0.00|0.00|0.00|0.00|0.00|0.00|0|77788899000177|
|C170|1|PROD003|MATERIAL BRUTO C|11.96|UN|2695.33|6101|70|0.00|12.00|0.00|0.00|0.00|0.00|0.00|0.00|0.00|
|C170|2|PROD003|MATERIAL BRUTO C|13.71|UN|3989.23|6101|00|3529.48|12.00|423.54|0.00|0.00|0.00|0.00|0.00|0.00|
|C170|3|PROD002|COMPONENTE ELETRICO B|14.65|UN|516.96|6101|40|0.00|12.00|0.00|0.00|0.00|0.00|0.00|0.00|0.00|
|C170|4|PROD003|MATERIAL BRUTO C|25.93|UN|5841.91|6101|40|0.00|12.00|0.00|0.00|0.00|0.00|0.00|0.00|0.00|
|C170|5|PROD004|PRODUTO ACABADO D|2.95|UN|2734.30|6101|30|0.00|12.00|0.00|0.00|0.00|0.00|0.00|0.00|0.00|
|C100|1|0|12345678000195|55|00|000000108|000|01022024|04022024|15309.15|1018.06|122.17|0.00|0.00|0.00|0.00|0.00|0.00|0.00|0|77788899000177|
|C170|1|PROD002|COMPONENTE ELETRICO B|36.87|UN|2162.54|5101|50|0.00|12.00|0.00|0.00|0.00|0.00|0.00|0.00|0.00|
|C170|2|PROD008|CONJUNTO MONTADO H|15.45|UN|12002.03|5101|40|0.00|12.00|0.00|0.00|0.00|0.00|0.00|0.00|0.00|
|C170|3|PROD005|INSUMO INDUSTRIAL E|42.39|UN|1144.58|5101|20|1018.06|12.00|122.17|0.00|0.00|0.00|0.00|0.00|0.00|
|C100|1|0|12345678000195|55|00|000000109|000|09022024|09022024|65.69|59.14|7.10|0.00|0.00|0.00|0.00|0.00|0.00|0.00|0|77788899000177|
|C170|1|PROD006|EMBALAGEM PADRAO F|11.90|UN|65.69|5401|00|59.14|12.00|7.10|0.00|0.00|0.00|0.00|0.00|0.00|
|C100|1|0|12345678000195|55|00|000000110|000|21022024|21022024|43935.58|35348.56|4241.83|0.00|0.00|0.00|0.00|0.00|0.00|0.00|0|22244466000133|
|C170|1|PROD008|CONJUNTO MONTADO H|35.55|UN|37857.55|6102|00|35348.56|12.00|4241.83|0.00|0.00|0.00|0.00|0.00|0.00|
|C170|2|PROD001|PECA MECANICA TIPO A|42.04|UN|3944.99|6102|70|0.00|12.00|0.00|0.00|0.00|0.00|0.00|0.00|0.00|
|C170|3|PROD001|PECA MECANICA TIPO A|31.74|UN|2133.04|6102|40|0.00|12.00|0.00|0.00|0.00|0.00|0.00|0.00|0.00|
|C100|1|0|12345678000195|55|00|000000111|000|22022024|23022024|10610.73|5343.42|641.21|0.00|0.00|0.00|0.00|0.00|0.00|0.00|0|77788899000177|
|C170|1|PROD002|COMPONENTE ELETRICO B|10.73|UN|838.76|5401|70|0.00|12.00|0.00|0.00|0.00|0.00|0.00|0.00|0.00|
|C170|2|PROD007|PARTE SOBRESSALENTE G|43.00|UN|6018.42|5401|00|5176.38|12.00|621.17|0.00|0.00|0.00|0.00|0.00|0.00|
|C170|3|PROD006|EMBALAGEM PADRAO F|28.33|UN|183.01|5401|00|167.04|12.00|20.04|0.00|0.00|0.00|0.00|0.00|0.00|
|C170|4|PROD003|MATERIAL BRUTO C|13.89|UN|3570.54|5401|40|0.00|12.00|0.00|0.00|0.00|0.00|0.00|0.00|0.00|
|C100|1|0|12345678000195|55|00|000000112|000|16022024|17022024|28744.78|194.23|23.31|0.00|0.00|0.00|0.00|0.00|0.00|0.00|0|33366699000100|
|C170|1|PROD008|CONJUNTO MONTADO H|25.02|UN|28549.46|5401|40|0.00|12.00|0.00|0.00|0.00|0.00|0.00|0.00|0.00|
|C170|2|PROD006|EMBALAGEM PADRAO F|27.63|UN|195.32|5401|00|194.23|12.00|23.31|0.00|0.00|0.00|0.00|0.00|0.00|
|C100|1|0|12345678000195|55|00|000000113|000|14022024|17022024|3873.30|3757.07|450.85|0.00|0.00|0.00|0.00|0.00|0.00|0.00|0|33366699000100|
|C170|1|PROD006|EMBALAGEM PADRAO F|23.77|UN|171.87|5401|00|164.06|12.00|19.69|0.00|0.00|0.00|0.00|0.00|0.00|
|C170|2|PROD001|PECA MECANICA TIPO A|35.54|UN|3701.43|5401|20|3593.01|12.00|431.16|0.00|0.00|0.00|0.00|0.00|0.00|
|C100|1|0|12345678000195|55|00|000000114|000|20022024|23022024|6336.28|6107.98|732.96|0.00|0.00|0.00|0.00|0.00|0.00|0.00|0|22244466000133|
|C170|1|PROD001|PECA MECANICA TIPO A|11.54|UN|1264.44|6102|20|1181.42|12.00|141.77|0.00|0.00|0.00|0.00|0.00|0.00|
|C170|2|PROD003|MATERIAL BRUTO C|16.84|UN|5071.84|6102|20|4926.56|12.00|591.19|0.00|0.00|0.00|0.00|0.00|0.00|
|C100|1|0|12345678000195|55|00|000000115|000|13022024|15022024|4482.86|4247.77|509.73|0.00|0.00|0.00|0.00|0.00|0.00|0.00|0|22244466000133|
|C170|1|PROD004|PRODUTO ACABADO D|3.24|UN|2313.32|5101|00|2270.16|12.00|272.42|0.00|0.00|0.00|0.00|0.00|0.00|
|C170|2|PROD002|COMPONENTE ELETRICO B|27.27|UN|1987.07|5101|00|1977.61|12.00|237.31|0.00|0.00|0.00|0.00|0.00|0.00|
|C170|3|PROD006|EMBALAGEM PADRAO F|30.93|UN|182.47|5101|30|0.00|12.00|0.00|0.00|0.00|0.00|0.00|0.00|0.00|
|C100|1|0|12345678000195|55|00|000000116|000|26022024|29022024|37840.48|33299.82|3995.99|0.00|0.00|0.00|0.00|0.00|0.00|0.00|0|55512312300010|
|C170|1|PROD008|CONJUNTO MONTADO H|33.09|UN|35178.45|5101|10|30948.80|12.00|3713.86|0.00|0.00|0.00|0.00|0.00|0.00|
|C170|2|PROD007|PARTE SOBRESSALENTE G|8.69|UN|1068.02|5101|51|944.56|12.00|113.35|0.00|0.00|0.00|0.00|0.00|0.00|
|C170|3|PROD005|INSUMO INDUSTRIAL E|40.26|UN|1594.01|5101|10|1406.46|12.00|168.78|0.00|0.00|0.00|0.00|0.00|0.00|
|C100|1|0|12345678000195|55|00|000000117|000|01022024|01022024|18456.67|6619.67|794.36|0.00|0.00|0.00|0.00|0.00|0.00|0.00|0|77788899000177|
|C170|1|PROD001|PECA MECANICA TIPO A|12.27|UN|1276.94|5101|00|1137.59|12.00|136.51|0.00|0.00|0.00|0.00|0.00|0.00|
|C170|2|PROD004|PRODUTO ACABADO D|7.06|UN|6185.28|5101|40|0.00|12.00|0.00|0.00|0.00|0.00|0.00|0.00|0.00|
|C170|3|PROD004|PRODUTO ACABADO D|7.43|UN|6354.28|5101|00|5482.08|12.00|657.85|0.00|0.00|0.00|0.00|0.00|0.00|
|C170|4|PROD002|COMPONENTE ELETRICO B|4.62|UN|322.18|5101|41|0.00|12.00|0.00|0.00|0.00|0.00|0.00|0.00|0.00|
|C170|5|PROD003|MATERIAL BRUTO C|21.35|UN|4317.99|5101|50|0.00|12.00|0.00|0.00|0.00|0.00|0.00|0.00|0.00|
|C100|1|0|12345678000195|55|00|000000118|000|05022024|05022024|14215.77|5096.79|611.61|0.00|0.00|0.00|0.00|0.00|0.00|0.00|0|99900011000155|
|C170|1|PROD007|PARTE SOBRESSALENTE G|26.11|UN|2137.22|6102|00|1881.61|12.00|225.79|0.00|0.00|0.00|0.00|0.00|0.00|
|C170|2|PROD002|COMPONENTE ELETRICO B|13.95|UN|921.75|6102|20|823.75|12.00|98.85|0.00|0.00|0.00|0.00|0.00|0.00|
|C170|3|PROD005|INSUMO INDUSTRIAL E|5.56|UN|228.57|6102|40|0.00|12.00|0.00|0.00|0.00|0.00|0.00|0.00|0.00|
|C170|4|PROD003|MATERIAL BRUTO C|24.68|UN|8297.53|6102|30|0.00|12.00|0.00|0.00|0.00|0.00|0.00|0.00|0.00|
|C170|5|PROD003|MATERIAL BRUTO C|12.99|UN|2630.70|6102|20|2391.43|12.00|286.97|0.00|0.00|0.00|0.00|0.00|0.00|
|C100|1|0|12345678000195|55|00|000000119|000|25022024|25022024|2024.19|909.68|109.16|0.00|0.00|0.00|0.00|0.00|0.00|0.00|0|33366699000100|
|C170|1|PROD005|INSUMO INDUSTRIAL E|38.79|UN|1050.02|5403|20|909.68|12.00|109.16|0.00|0.00|0.00|0.00|0.00|0.00|
|C170|2|PROD001|PECA MECANICA TIPO A|16.22|UN|974.17|5403|40|0.00|12.00|0.00|0.00|0.00|0.00|0.00|0.00|0.00|
|C100|1|0|12345678000195|55|00|000000120|000|04022024|05022024|27549.15|4319.06|518.29|0.00|0.00|0.00|0.00|0.00|0.00|0.00|0|55512312300010|
|C170|1|PROD005|INSUMO INDUSTRIAL E|26.65|UN|1003.79|5102|41|0.00|12.00|0.00|0.00|0.00|0.00|0.00|0.00|0.00|
|C170|2|PROD001|PECA MECANICA TIPO A|3.89|UN|328.69|5102|20|315.90|12.00|37.91|0.00|0.00|0.00|0.00|0.00|0.00|
|C170|3|PROD004|PRODUTO ACABADO D|41.88|UN|21674.77|5102|40|0.00|12.00|0.00|0.00|0.00|0.00|0.00|0.00|0.00|
|C170|4|PROD007|PARTE SOBRESSALENTE G|30.34|UN|4541.90|5102|00|4003.16|12.00|480.38|0.00|0.00|0.00|0.00|0.00|0.00|
|C100|1|0|12345678000195|55|00|000000121|000|26022024|29022024|11726.08|10269.16|1232.30|0.00|0.00|0.00|0.00|0.00|0.00|0.00|0|99900011000155|
|C170|1|PROD003|MATERIAL BRUTO C|26.21|UN|8616.86|6101|90|7429.59|12.00|891.55|0.00|0.00|0.00|0.00|0.00|0.00|
|C170|2|PROD006|EMBALAGEM PADRAO F|6.15|UN|60.79|6101|10|58.57|12.00|7.03|0.00|0.00|0.00|0.00|0.00|0.00|
|C170|3|PROD003|MATERIAL BRUTO C|8.94|UN|2792.18|6101|00|2556.63|12.00|306.80|0.00|0.00|0.00|0.00|0.00|0.00|
|C170|4|PROD006|EMBALAGEM PADRAO F|48.62|UN|256.25|6101|20|224.37|12.00|26.92|0.00|0.00|0.00|0.00|0.00|0.00|
|C100|1|0|12345678000195|55|00|000000122|000|16022024|17022024|55300.67|53676.19|6441.14|0.00|0.00|0.00|0.00|0.00|0.00|0.00|0|99900011000155|
|C170|1|PROD004|PRODUTO ACABADO D|44.13|UN|27808.27|6102|10|27347.54|12.00|3281.70|0.00|0.00|0.00|0.00|0.00|0.00|
|C170|2|PROD001|PECA MECANICA TIPO A|28.63|UN|1764.00|6102|00|1680.66|12.00|201.68|0.00|0.00|0.00|0.00|0.00|0.00|
|C170|3|PROD001|PECA MECANICA TIPO A|40.34|UN|4705.02|6102|10|4425.91|12.00|531.11|0.00|0.00|0.00|0.00|0.00|0.00|
|C170|4|PROD008|CONJUNTO MONTADO H|24.13|UN|20451.03|6102|10|19674.19|12.00|2360.90|0.00|0.00|0.00|0.00|0.00|0.00|
|C170|5|PROD006|EMBALAGEM PADRAO F|49.81|UN|572.35|6102|00|547.89|12.00|65.75|0.00|0.00|0.00|0.00|0.00|0.00|
|C100|1|0|12345678000195|55|00|000000123|000|01022024|03022024|4305.44|4040.21|484.83|0.00|0.00|0.00|0.00|0.00|0.00|0.00|0|22244466000133|
|C170|1|PROD002|COMPONENTE ELETRICO B|48.87|UN|2304.31|5403|00|2198.56|12.00|263.83|0.00|0.00|0.00|0.00|0.00|0.00|
|C170|2|PROD001|PECA MECANICA TIPO A|27.35|UN|2001.13|5403|00|1841.65|12.00|221.00|0.00|0.00|0.00|0.00|0.00|0.00|
|C100|1|0|12345678000195|55|00|000000124|000|03022024|05022024|56536.39|2775.96|333.12|0.00|0.00|0.00|0.00|0.00|0.00|0.00|0|77788899000177|
|C170|1|PROD008|CONJUNTO MONTADO H|45.66|UN|45587.28|6102|40|0.00|12.00|0.00|0.00|0.00|0.00|0.00|0.00|0.00|
|C170|2|PROD003|MATERIAL BRUTO C|19.00|UN|5984.69|6102|70|0.00|12.00|0.00|0.00|0.00|0.00|0.00|0.00|0.00|
|C170|3|PROD001|PECA MECANICA TIPO A|28.50|UN|2704.46|6102|00|2539.21|12.00|304.71|0.00|0.00|0.00|0.00|0.00|0.00|
|C170|4|PROD002|COMPONENTE ELETRICO B|6.05|UN|253.33|6102|00|236.75|12.00|28.41|0.00|0.00|0.00|0.00|0.00|0.00|
|C170|5|PROD003|MATERIAL BRUTO C|7.21|UN|2006.63|6102|40|0.00|12.00|0.00|0.00|0.00|0.00|0.00|0.00|0.00|
|C100|1|0|12345678000195|55|00|000000125|000|11022024|13022024|49943.99|19105.77|2292.69|0.00|0.00|0.00|0.00|0.00|0.00|0.00|0|22244466000133|
|C170|1|PROD006|EMBALAGEM PADRAO F|5.48|UN|58.16|6102|00|50.87|12.00|6.10|0.00|0.00|0.00|0.00|0.00|0.00|
|C170|2|PROD004|PRODUTO ACABADO D|43.86|UN|28734.45|6102|60|0.00|12.00|0.00|0.00|0.00|0.00|0.00|0.00|0.00|
|C170|3|PROD002|COMPONENTE ELETRICO B|3.56|UN|206.80|6102|20|196.40|12.00|23.57|0.00|0.00|0.00|0.00|0.00|0.00|
|C170|4|PROD007|PARTE SOBRESSALENTE G|17.03|UN|2043.75|6102|00|1908.91|12.00|229.07|0.00|0.00|0.00|0.00|0.00|0.00|
|C170|5|PROD008|CONJUNTO MONTADO H|19.49|UN|18900.83|6102|20|16949.59|12.00|2033.95|0.00|0.00|0.00|0.00|0.00|0.00|
|C100|1|0|12345678000195|55|00|000000126|000|11022024|11022024|79820.14|0.00|0.00|0.00|0.00|0.00|0.00|0.00|0.00|0.00|0|99900011000155|
|C170|1|PROD008|CONJUNTO MONTADO H|41.85|UN|50130.20|6101|50|0.00|12.00|0.00|0.00|0.00|0.00|0.00|0.00|0.00|
|C170|2|PROD008|CONJUNTO MONTADO H|28.46|UN|29689.94|6101|41|0.00|12.00|0.00|0.00|0.00|0.00|0.00|0.00|0.00|
|C100|1|0|12345678000195|55|00|000000127|000|18022024|21022024|16111.11|14653.20|1758.38|0.00|0.00|0.00|0.00|0.00|0.00|0.00|0|55512312300010|
|C170|1|PROD002|COMPONENTE ELETRICO B|38.77|UN|1900.70|6102|20|1791.50|12.00|214.98|0.00|0.00|0.00|0.00|0.00|0.00|
|C170|2|PROD007|PARTE SOBRESSALENTE G|43.94|UN|6751.07|6102|00|6117.35|12.00|734.08|0.00|0.00|0.00|0.00|0.00|0.00|
|C170|3|PROD007|PARTE SOBRESSALENTE G|46.73|UN|7459.34|6102|00|6744.35|12.00|809.32|0.00|0.00|0.00|0.00|0.00|0.00|
|C100|1|0|12345678000195|55|00|000000128|000|01022024|03022024|48258.67|42996.26|5159.55|0.00|0.00|0.00|0.00|0.00|0.00|0.00|0|77788899000177|
|C170|1|PROD008|CONJUNTO MONTADO H|45.88|UN|48258.67|5401|00|42996.26|12.00|5159.55|0.00|0.00|0.00|0.00|0.00|0.00|
|C100|1|0|12345678000195|55|00|000000129|000|21022024|24022024|31671.19|29638.76|3556.65|0.00|0.00|0.00|0.00|0.00|0.00|0.00|0|33366699000100|
|C170|1|PROD008|CONJUNTO MONTADO H|35.51|UN|31671.19|5403|00|29638.76|12.00|3556.65|0.00|0.00|0.00|0.00|0.00|0.00|
|C100|1|0|12345678000195|55|00|000000130|000|28022024|02032024|31823.65|30015.66|3601.88|0.00|0.00|0.00|0.00|0.00|0.00|0.00|0|55512312300010|
|C170|1|PROD004|PRODUTO ACABADO D|40.56|UN|21025.54|6101|00|20692.07|12.00|2483.05|0.00|0.00|0.00|0.00|0.00|0.00|
|C170|2|PROD004|PRODUTO ACABADO D|8.51|UN|7258.77|6101|51|6313.30|12.00|757.60|0.00|0.00|0.00|0.00|0.00|0.00|
|C170|3|PROD007|PARTE SOBRESSALENTE G|21.56|UN|3183.40|6101|00|3010.29|12.00|361.23|0.00|0.00|0.00|0.00|0.00|0.00|
|C170|4|PROD007|PARTE SOBRESSALENTE G|4.05|UN|355.94|6101|30|0.00|12.00|0.00|0.00|0.00|0.00|0.00|0.00|0.00|
|C100|1|0|12345678000195|55|00|000000131|000|21022024|21022024|66993.17|61250.48|7350.06|0.00|0.00|0.00|0.00|0.00|0.00|0.00|0|77788899000177|
|C170|1|PROD008|CONJUNTO MONTADO H|36.38|UN|34797.89|5401|00|33046.66|12.00|3965.60|0.00|0.00|0.00|0.00|0.00|0.00|
|C170|2|PROD002|COMPONENTE ELETRICO B|21.40|UN|1428.01|5401|00|1255.14|12.00|150.62|0.00|0.00|0.00|0.00|0.00|0.00|
|C170|3|PROD008|CONJUNTO MONTADO H|38.30|UN|30767.27|5401|00|26948.68|12.00|3233.84|0.00|0.00|0.00|0.00|0.00|0.00|
|C100|1|0|12345678000195|55|00|000000132|000|09022024|10022024|26201.94|17864.07|2143.69|0.00|0.00|0.00|0.00|0.00|0.00|0.00|0|55512312300010|
|C170|1|PROD004|PRODUTO ACABADO D|28.47|UN|15841.89|6102|20|15452.43|12.00|1854.29|0.00|0.00|0.00|0.00|0.00|0.00|
|C170|2|PROD006|EMBALAGEM PADRAO F|5.22|UN|60.07|6102|00|59.33|12.00|7.12|0.00|0.00|0.00|0.00|0.00|0.00|
|C170|3|PROD007|PARTE SOBRESSALENTE G|9.94|UN|864.15|6102|10|815.75|12.00|97.89|0.00|0.00|0.00|0.00|0.00|0.00|
|C170|4|PROD008|CONJUNTO MONTADO H|1.99|UN|1624.80|6102|00|1536.56|12.00|184.39|0.00|0.00|0.00|0.00|0.00|0.00|
|C170|5|PROD003|MATERIAL BRUTO C|23.56|UN|7811.03|6102|70|0.00|12.00|0.00|0.00|0.00|0.00|0.00|0.00|0.00|
|C100|1|0|12345678000195|55|00|000000133|000|27022024|28022024|22820.10|16872.91|2024.75|0.00|0.00|0.00|0.00|0.00|0.00|0.00|0|33366699000100|
|C170|1|PROD003|MATERIAL BRUTO C|15.07|UN|3643.80|6102|40|0.00|12.00|0.00|0.00|0.00|0.00|0.00|0.00|0.00|
|C170|2|PROD004|PRODUTO ACABADO D|21.29|UN|19176.30|6102|00|16872.91|12.00|2024.75|0.00|0.00|0.00|0.00|0.00|0.00|
|C100|1|0|12345678000195|55|00|000000134|000|09022024|12022024|19593.66|0.00|0.00|0.00|0.00|0.00|0.00|0.00|0.00|0.00|0|33366699000100|
|C170|1|PROD004|PRODUTO ACABADO D|29.36|UN|19593.66|5401|40|0.00|12.00|0.00|0.00|0.00|0.00|0.00|0.00|0.00|
|C100|1|0|12345678000195|55|00|000000135|000|27022024|28022024|39547.08|34681.38|4161.77|0.00|0.00|0.00|0.00|0.00|0.00|0.00|0|22244466000133|
|C170|1|PROD004|PRODUTO ACABADO D|40.73|UN|35936.82|5101|00|34317.80|12.00|4118.14|0.00|0.00|0.00|0.00|0.00|0.00|
|C170|2|PROD005|INSUMO INDUSTRIAL E|25.68|UN|960.84|5101|41|0.00|12.00|0.00|0.00|0.00|0.00|0.00|0.00|0.00|
|C170|3|PROD002|COMPONENTE ELETRICO B|5.45|UN|395.13|5101|00|363.58|12.00|43.63|0.00|0.00|0.00|0.00|0.00|0.00|
|C170|4|PROD006|EMBALAGEM PADRAO F|2.54|UN|14.76|5101|40|0.00|12.00|0.00|0.00|0.00|0.00|0.00|0.00|0.00|
|C170|5|PROD003|MATERIAL BRUTO C|10.13|UN|2239.53|5101|40|0.00|12.00|0.00|0.00|0.00|0.00|0.00|0.00|0.00|
|C100|1|0|12345678000195|55|00|000000136|000|19022024|22022024|44924.28|11339.68|1360.76|0.00|0.00|0.00|0.00|0.00|0.00|0.00|0|33366699000100|
|C170|1|PROD008|CONJUNTO MONTADO H|8.78|UN|9067.39|6102|10|8935.43|12.00|1072.25|0.00|0.00|0.00|0.00|0.00|0.00|
|C170|2|PROD003|MATERIAL BRUTO C|10.17|UN|2579.62|6102|00|2404.25|12.00|288.51|0.00|0.00|0.00|0.00|0.00|0.00|
|C170|3|PROD001|PECA MECANICA TIPO A|37.85|UN|3055.63|6102|40|0.00|12.00|0.00|0.00|0.00|0.00|0.00|0.00|0.00|
|C170|4|PROD003|MATERIAL BRUTO C|30.09|UN|9150.95|6102|40|0.00|12.00|0.00|0.00|0.00|0.00|0.00|0.00|0.00|
|C170|5|PROD008|CONJUNTO MONTADO H|24.20|UN|21070.69|6102|40|0.00|12.00|0.00|0.00|0.00|0.00|0.00|0.00|0.00|
|C100|1|0|12345678000195|55|00|000000137|000|11022024|14022024|121974.74|115911.69|13909.40|0.00|0.00|0.00|0.00|0.00|0.00|0.00|0|99900011000155|
|C170|1|PROD003|MATERIAL BRUTO C|45.14|UN|12461.00|6102|20|12038.71|12.00|1444.65|0.00|0.00|0.00|0.00|0.00|0.00|
|C170|2|PROD008|CONJUNTO MONTADO H|47.74|UN|46815.40|6102|00|43389.95|12.00|5206.79|0.00|0.00|0.00|0.00|0.00|0.00|
|C170|3|PROD008|CONJUNTO MONTADO H|46.20|UN|61006.04|6102|90|60483.03|12.00|7257.96|0.00|0.00|0.00|0.00|0.00|0.00|
|C170|4|PROD007|PARTE SOBRESSALENTE G|10.72|UN|1692.30|6102|41|0.00|12.00|0.00|0.00|0.00|0.00|0.00|0.00|0.00|
|C100|1|0|12345678000195|55|00|000000138|000|22022024|24022024|12336.48|10791.97|1295.04|0.00|0.00|0.00|0.00|0.00|0.00|0.00|0|77788899000177|
|C170|1|PROD003|MATERIAL BRUTO C|38.52|UN|12336.48|5101|20|10791.97|12.00|1295.04|0.00|0.00|0.00|0.00|0.00|0.00|
|C100|1|0|12345678000195|55|00|000000139|000|22022024|23022024|6671.05|6046.94|725.63|0.00|0.00|0.00|0.00|0.00|0.00|0.00|0|55512312300010|
|C170|1|PROD003|MATERIAL BRUTO C|12.57|UN|2898.08|5102|00|2569.76|12.00|308.37|0.00|0.00|0.00|0.00|0.00|0.00|
|C170|2|PROD001|PECA MECANICA TIPO A|34.55|UN|3772.97|5102|10|3477.18|12.00|417.26|0.00|0.00|0.00|0.00|0.00|0.00|
|C100|1|0|12345678000195|55|00|000000140|000|04022024|07022024|33743.49|2564.89|307.78|0.00|0.00|0.00|0.00|0.00|0.00|0.00|0|33366699000100|
|C170|1|PROD006|EMBALAGEM PADRAO F|35.60|UN|368.16|6101|00|320.03|12.00|38.40|0.00|0.00|0.00|0.00|0.00|0.00|
|C170|2|PROD008|CONJUNTO MONTADO H|38.39|UN|30460.52|6101|41|0.00|12.00|0.00|0.00|0.00|0.00|0.00|0.00|0.00|
|C170|3|PROD006|EMBALAGEM PADRAO F|45.00|UN|483.33|6101|40|0.00|12.00|0.00|0.00|0.00|0.00|0.00|0.00|0.00|
|C170|4|PROD007|PARTE SOBRESSALENTE G|21.80|UN|2431.48|6101|00|2244.86|12.00|269.38|0.00|0.00|0.00|0.00|0.00|0.00|
|C100|1|0|12345678000195|55|00|000000141|000|01022024|02022024|15331.78|0.00|0.00|0.00|0.00|0.00|0.00|0.00|0.00|0.00|0|99900011000155|
|C170|1|PROD007|PARTE SOBRESSALENTE G|17.65|UN|2574.87|6101|40|0.00|12.00|0.00|0.00|0.00|0.00|0.00|0.00|0.00|
|C170|2|PROD003|MATERIAL BRUTO C|37.83|UN|12756.91|6101|40|0.00|12.00|0.00|0.00|0.00|0.00|0.00|0.00|0.00|
|C100|1|0|12345678000195|55|00|000000142|000|16022024|17022024|7349.98|6865.88|823.91|0.00|0.00|0.00|0.00|0.00|0.00|0.00|0|77788899000177|
|C170|1|PROD003|MATERIAL BRUTO C|19.82|UN|4498.52|5101|00|4033.66|12.00|484.04|0.00|0.00|0.00|0.00|0.00|0.00|
|C170|2|PROD001|PECA MECANICA TIPO A|34.09|UN|2851.46|5101|00|2832.22|12.00|339.87|0.00|0.00|0.00|0.00|0.00|0.00|
|C100|1|0|12345678000195|55|00|000000143|000|06022024|09022024|33302.73|26961.23|3235.36|0.00|0.00|0.00|0.00|0.00|0.00|0.00|0|77788899000177|
|C170|1|PROD007|PARTE SOBRESSALENTE G|43.26|UN|6241.70|6102|00|5604.13|12.00|672.50|0.00|0.00|0.00|0.00|0.00|0.00|
|C170|2|PROD004|PRODUTO ACABADO D|29.16|UN|19954.09|6102|20|18416.05|12.00|2209.93|0.00|0.00|0.00|0.00|0.00|0.00|
|C170|3|PROD001|PECA MECANICA TIPO A|48.04|UN|3752.57|6102|41|0.00|12.00|0.00|0.00|0.00|0.00|0.00|0.00|0.00|
|C170|4|PROD006|EMBALAGEM PADRAO F|15.85|UN|107.90|6102|40|0.00|12.00|0.00|0.00|0.00|0.00|0.00|0.00|0.00|
|C170|5|PROD001|PECA MECANICA TIPO A|30.58|UN|3246.47|6102|20|2941.05|12.00|352.93|0.00|0.00|0.00|0.00|0.00|0.00|
|C100|1|0|12345678000195|55|00|000000144|000|23022024|25022024|36090.98|32926.87|3951.23|0.00|0.00|0.00|0.00|0.00|0.00|0.00|0|22244466000133|
|C170|1|PROD001|PECA MECANICA TIPO A|38.22|UN|4239.47|6101|00|3607.97|12.00|432.96|0.00|0.00|0.00|0.00|0.00|0.00|
|C170|2|PROD002|COMPONENTE ELETRICO B|47.46|UN|3271.08|6101|00|3033.06|12.00|363.97|0.00|0.00|0.00|0.00|0.00|0.00|
|C170|3|PROD004|PRODUTO ACABADO D|31.11|UN|28580.43|6101|20|26285.84|12.00|3154.30|0.00|0.00|0.00|0.00|0.00|0.00|
|C100|1|0|12345678000195|55|00|000000145|000|04022024|07022024|7774.16|4897.93|587.75|0.00|0.00|0.00|0.00|0.00|0.00|0.00|0|55512312300010|
|C170|1|PROD001|PECA MECANICA TIPO A|21.86|UN|2125.79|5403|41|0.00|12.00|0.00|0.00|0.00|0.00|0.00|0.00|0.00|
|C170|2|PROD005|INSUMO INDUSTRIAL E|2.15|UN|47.84|5403|00|43.66|12.00|5.24|0.00|0.00|0.00|0.00|0.00|0.00|
|C170|3|PROD003|MATERIAL BRUTO C|22.89|UN|5600.53|5403|00|4854.27|12.00|582.51|0.00|0.00|0.00|0.00|0.00|0.00|
|C100|1|0|12345678000195|55|00|000000146|000|18022024|21022024|8228.65|7728.06|927.37|0.00|0.00|0.00|0.00|0.00|0.00|0.00|0|55512312300010|
|C170|1|PROD001|PECA MECANICA TIPO A|36.61|UN|3452.61|5102|20|3076.98|12.00|369.24|0.00|0.00|0.00|0.00|0.00|0.00|
|C170|2|PROD001|PECA MECANICA TIPO A|48.62|UN|4776.04|5102|00|4651.08|12.00|558.13|0.00|0.00|0.00|0.00|0.00|0.00|
|C100|1|0|12345678000195|55|00|000000147|000|19022024|22022024|838.07|0.00|0.00|0.00|0.00|0.00|0.00|0.00|0.00|0.00|0|99900011000155|
|C170|1|PROD003|MATERIAL BRUTO C|2.88|UN|838.07|5101|40|0.00|12.00|0.00|0.00|0.00|0.00|0.00|0.00|0.00|
|C100|1|0|12345678000195|55|00|000000148|000|13022024|13022024|27003.45|2965.56|355.87|0.00|0.00|0.00|0.00|0.00|0.00|0.00|0|55512312300010|
|C170|1|PROD004|PRODUTO ACABADO D|13.59|UN|11050.72|5401|60|0.00|12.00|0.00|0.00|0.00|0.00|0.00|0.00|0.00|
|C170|2|PROD001|PECA MECANICA TIPO A|42.01|UN|3374.76|5401|00|2965.56|12.00|355.87|0.00|0.00|0.00|0.00|0.00|0.00|
|C170|3|PROD008|CONJUNTO MONTADO H|13.79|UN|12577.97|5401|30|0.00|12.00|0.00|0.00|0.00|0.00|0.00|0.00|0.00|
|C100|1|0|12345678000195|55|00|000000149|000|23022024|23022024|19995.49|7263.29|871.60|0.00|0.00|0.00|0.00|0.00|0.00|0.00|0|77788899000177|
|C170|1|PROD004|PRODUTO ACABADO D|14.57|UN|11977.48|5401|40|0.00|12.00|0.00|0.00|0.00|0.00|0.00|0.00|0.00|
|C170|2|PROD007|PARTE SOBRESSALENTE G|45.58|UN|6119.30|5401|00|5575.16|12.00|669.02|0.00|0.00|0.00|0.00|0.00|0.00|
|C170|3|PROD004|PRODUTO ACABADO D|1.92|UN|1339.75|5401|00|1192.46|12.00|143.10|0.00|0.00|0.00|0.00|0.00|0.00|
|C170|4|PROD006|EMBALAGEM PADRAO F|30.36|UN|359.10|5401|10|317.16|12.00|38.06|0.00|0.00|0.00|0.00|0.00|0.00|
|C170|5|PROD007|PARTE SOBRESSALENTE G|1.89|UN|199.86|5401|00|178.51|12.00|21.42|0.00|0.00|0.00|0.00|0.00|0.00|
|C100|1|0|12345678000195|55|00|000000150|000|27022024|01032024|83821.40|27726.03|3327.12|0.00|0.00|0.00|0.00|0.00|0.00|0.00|0|99900011000155|
|C170|1|PROD006|EMBALAGEM PADRAO F|1.62|UN|11.93|6101|10|10.94|12.00|1.31|0.00|0.00|0.00|0.00|0.00|0.00|
|C170|2|PROD003|MATERIAL BRUTO C|23.64|UN|7359.70|6101|00|7026.00|12.00|843.12|0.00|0.00|0.00|0.00|0.00|0.00|
|C170|3|PROD004|PRODUTO ACABADO D|33.98|UN|21157.87|6101|00|20689.09|12.00|2482.69|0.00|0.00|0.00|0.00|0.00|0.00|
|C170|4|PROD008|CONJUNTO MONTADO H|48.42|UN|55291.90|6101|40|0.00|12.00|0.00|0.00|0.00|0.00|0.00|0.00|0.00|
|C100|1|0|12345678000195|55|00|000000151|000|03022024|04022024|23583.88|16318.57|1958.23|0.00|0.00|0.00|0.00|0.00|0.00|0.00|0|33366699000100|
|C170|1|PROD003|MATERIAL BRUTO C|31.62|UN|7114.37|6102|10|6507.72|12.00|780.93|0.00|0.00|0.00|0.00|0.00|0.00|
|C170|2|PROD003|MATERIAL BRUTO C|49.80|UN|10133.78|6102|90|9459.54|12.00|1135.14|0.00|0.00|0.00|0.00|0.00|0.00|
|C170|3|PROD003|MATERIAL BRUTO C|25.05|UN|5891.30|6102|60|0.00|12.00|0.00|0.00|0.00|0.00|0.00|0.00|0.00|
|C170|4|PROD006|EMBALAGEM PADRAO F|7.45|UN|68.94|6102|50|0.00|12.00|0.00|0.00|0.00|0.00|0.00|0.00|0.00|
|C170|5|PROD001|PECA MECANICA TIPO A|5.75|UN|375.49|6102|90|351.31|12.00|42.16|0.00|0.00|0.00|0.00|0.00|0.00|
|C100|1|0|12345678000195|55|00|000000152|000|28022024|29022024|24367.79|0.00|0.00|0.00|0.00|0.00|0.00|0.00|0.00|0.00|0|77788899000177|
|C170|1|PROD005|INSUMO INDUSTRIAL E|14.66|UN|525.01|6102|40|0.00|12.00|0.00|0.00|0.00|0.00|0.00|0.00|0.00|
|C170|2|PROD003|MATERIAL BRUTO C|33.55|UN|10165.75|6102|40|0.00|12.00|0.00|0.00|0.00|0.00|0.00|0.00|0.00|
|C170|3|PROD002|COMPONENTE ELETRICO B|32.17|UN|1854.19|6102|30|0.00|12.00|0.00|0.00|0.00|0.00|0.00|0.00|0.00|
|C170|4|PROD008|CONJUNTO MONTADO H|12.03|UN|11822.84|6102|41|0.00|12.00|0.00|0.00|0.00|0.00|0.00|0.00|0.00|
|C100|1|0|12345678000195|55|00|000000153|000|27022024|01032024|38050.36|0.00|0.00|0.00|0.00|0.00|0.00|0.00|0.00|0.00|0|33366699000100|
|C170|1|PROD004|PRODUTO ACABADO D|41.66|UN|36088.91|5102|40|0.00|12.00|0.00|0.00|0.00|0.00|0.00|0.00|0.00|
|C170|2|PROD001|PECA MECANICA TIPO A|34.48|UN|1961.45|5102|40|0.00|12.00|0.00|0.00|0.00|0.00|0.00|0.00|0.00|
|C100|1|0|12345678000195|55|00|000000154|000|14022024|17022024|247.25|232.40|27.89|0.00|0.00|0.00|0.00|0.00|0.00|0.00|0|22244466000133|
|C170|1|PROD005|INSUMO INDUSTRIAL E|7.79|UN|247.25|5102|90|232.40|12.00|27.89|0.00|0.00|0.00|0.00|0.00|0.00|
|C100|1|0|12345678000195|55|00|000000155|000|01022024|03022024|3150.78|2673.81|320.86|0.00|0.00|0.00|0.00|0.00|0.00|0.00|0|22244466000133|
|C170|1|PROD002|COMPONENTE ELETRICO B|34.53|UN|2843.87|6101|00|2673.81|12.00|320.86|0.00|0.00|0.00|0.00|0.00|0.00|
|C170|2|PROD006|EMBALAGEM PADRAO F|39.70|UN|306.91|6101|30|0.00|12.00|0.00|0.00|0.00|0.00|0.00|0.00|0.00|
|C100|1|0|12345678000195|55|00|000000156|000|28022024|29022024|14394.72|13223.29|1586.79|0.00|0.00|0.00|0.00|0.00|0.00|0.00|0|77788899000177|
|C170|1|PROD006|EMBALAGEM PADRAO F|35.93|UN|229.93|5403|00|197.68|12.00|23.72|0.00|0.00|0.00|0.00|0.00|0.00|
|C170|2|PROD002|COMPONENTE ELETRICO B|2.51|UN|155.29|5403|20|147.92|12.00|17.75|0.00|0.00|0.00|0.00|0.00|0.00|
|C170|3|PROD004|PRODUTO ACABADO D|22.74|UN|14009.50|5403|00|12877.69|12.00|1545.32|0.00|0.00|0.00|0.00|0.00|0.00|
|C100|1|0|12345678000195|55|00|000000157|000|26022024|28022024|61433.53|52273.79|6272.85|0.00|0.00|0.00|0.00|0.00|0.00|0.00|0|55512312300010|
|C170|1|PROD004|PRODUTO ACABADO D|1.34|UN|689.24|5102|40|0.00|12.00|0.00|0.00|0.00|0.00|0.00|0.00|0.00|
|C170|2|PROD008|CONJUNTO MONTADO H|43.49|UN|60744.29|5102|51|52273.79|12.00|6272.85|0.00|0.00|0.00|0.00|0.00|0.00|
|C100|1|0|12345678000195|55|00|000000158|000|09022024|09022024|8890.51|2361.46|283.38|0.00|0.00|0.00|0.00|0.00|0.00|0.00|0|22244466000133|
|C170|1|PROD006|EMBALAGEM PADRAO F|15.36|UN|119.62|6102|50|0.00|12.00|0.00|0.00|0.00|0.00|0.00|0.00|0.00|
|C170|2|PROD005|INSUMO INDUSTRIAL E|38.67|UN|959.38|6102|40|0.00|12.00|0.00|0.00|0.00|0.00|0.00|0.00|0.00|
|C170|3|PROD001|PECA MECANICA TIPO A|26.07|UN|2488.52|6102|20|2161.55|12.00|259.39|0.00|0.00|0.00|0.00|0.00|0.00|
|C170|4|PROD004|PRODUTO ACABADO D|8.15|UN|5103.78|6102|50|0.00|12.00|0.00|0.00|0.00|0.00|0.00|0.00|0.00|
|C170|5|PROD006|EMBALAGEM PADRAO F|37.92|UN|219.21|6102|00|199.91|12.00|23.99|0.00|0.00|0.00|0.00|0.00|0.00|
|C100|1|0|12345678000195|55|00|000000159|000|05022024|06022024|21278.83|11321.45|1358.57|0.00|0.00|0.00|0.00|0.00|0.00|0.00|0|33366699000100|
|C170|1|PROD003|MATERIAL BRUTO C|34.99|UN|9403.75|5403|40|0.00|12.00|0.00|0.00|0.00|0.00|0.00|0.00|0.00|
|C170|2|PROD003|MATERIAL BRUTO C|37.87|UN|11875.08|5403|10|11321.45|12.00|1358.57|0.00|0.00|0.00|0.00|0.00|0.00|
|C100|1|0|12345678000195|55|00|000000160|000|26022024|29022024|1761.87|1218.80|146.26|0.00|0.00|0.00|0.00|0.00|0.00|0.00|0|33366699000100|
|C170|1|PROD005|INSUMO INDUSTRIAL E|8.25|UN|188.09|6102|00|170.34|12.00|20.44|0.00|0.00|0.00|0.00|0.00|0.00|
|C170|2|PROD005|INSUMO INDUSTRIAL E|18.77|UN|429.15|6102|70|0.00|12.00|0.00|0.00|0.00|0.00|0.00|0.00|0.00|
|C170|3|PROD007|PARTE SOBRESSALENTE G|8.76|UN|1144.63|6102|20|1048.46|12.00|125.82|0.00|0.00|0.00|0.00|0.00|0.00|
|C100|1|0|12345678000195|55|00|000000161|000|05022024|06022024|43130.43|40732.55|4887.91|0.00|0.00|0.00|0.00|0.00|0.00|0.00|0|33366699000100|
|C170|1|PROD003|MATERIAL BRUTO C|15.85|UN|4557.66|5102|00|4367.02|12.00|524.04|0.00|0.00|0.00|0.00|0.00|0.00|
|C170|2|PROD004|PRODUTO ACABADO D|37.53|UN|36706.66|5102|20|34605.90|12.00|4152.71|0.00|0.00|0.00|0.00|0.00|0.00|
|C170|3|PROD006|EMBALAGEM PADRAO F|9.35|UN|69.28|5102|00|67.75|12.00|8.13|0.00|0.00|0.00|0.00|0.00|0.00|
|C170|4|PROD001|PECA MECANICA TIPO A|16.40|UN|1249.92|5102|51|1153.41|12.00|138.41|0.00|0.00|0.00|0.00|0.00|0.00|
|C170|5|PROD002|COMPONENTE ELETRICO B|9.29|UN|546.91|5102|00|538.47|12.00|64.62|0.00|0.00|0.00|0.00|0.00|0.00|
|C100|1|0|12345678000195|55|00|000000162|000|22022024|22022024|6265.23|1608.35|193.00|0.00|0.00|0.00|0.00|0.00|0.00|0.00|0|55512312300010|
|C170|1|PROD003|MATERIAL BRUTO C|14.64|UN|4635.54|5401|41|0.00|12.00|0.00|0.00|0.00|0.00|0.00|0.00|0.00|
|C170|2|PROD002|COMPONENTE ELETRICO B|32.85|UN|1629.69|5401|20|1608.35|12.00|193.00|0.00|0.00|0.00|0.00|0.00|0.00|
|C100|1|0|12345678000195|55|00|000000163|000|27022024|28022024|12542.61|0.00|0.00|0.00|0.00|0.00|0.00|0.00|0.00|0.00|0|55512312300010|
|C170|1|PROD003|MATERIAL BRUTO C|31.69|UN|10864.70|6102|30|0.00|12.00|0.00|0.00|0.00|0.00|0.00|0.00|0.00|
|C170|2|PROD001|PECA MECANICA TIPO A|14.30|UN|1677.91|6102|50|0.00|12.00|0.00|0.00|0.00|0.00|0.00|0.00|0.00|
|C100|1|0|12345678000195|55|00|000000164|000|28022024|28022024|7925.56|6921.93|830.63|0.00|0.00|0.00|0.00|0.00|0.00|0.00|0|99900011000155|
|C170|1|PROD005|INSUMO INDUSTRIAL E|34.80|UN|1133.27|5101|00|1080.51|12.00|129.66|0.00|0.00|0.00|0.00|0.00|0.00|
|C170|2|PROD002|COMPONENTE ELETRICO B|23.35|UN|752.01|5101|40|0.00|12.00|0.00|0.00|0.00|0.00|0.00|0.00|0.00|
|C170|3|PROD003|MATERIAL BRUTO C|28.05|UN|5993.64|5101|00|5841.42|12.00|700.97|0.00|0.00|0.00|0.00|0.00|0.00|
|C170|4|PROD006|EMBALAGEM PADRAO F|4.12|UN|46.64|5101|30|0.00|12.00|0.00|0.00|0.00|0.00|0.00|0.00|0.00|
|C100|1|0|12345678000195|55|00|000000165|000|07022024|08022024|76304.23|56758.92|6811.07|0.00|0.00|0.00|0.00|0.00|0.00|0.00|0|55512312300010|
|C170|1|PROD007|PARTE SOBRESSALENTE G|39.71|UN|3408.79|5102|20|3123.42|12.00|374.81|0.00|0.00|0.00|0.00|0.00|0.00|
|C170|2|PROD004|PRODUTO ACABADO D|24.33|UN|13329.19|5102|40|0.00|12.00|0.00|0.00|0.00|0.00|0.00|0.00|0.00|
|C170|3|PROD001|PECA MECANICA TIPO A|30.32|UN|2152.44|5102|00|1968.33|12.00|236.20|0.00|0.00|0.00|0.00|0.00|0.00|
|C170|4|PROD008|CONJUNTO MONTADO H|45.34|UN|54593.72|5102|20|51667.17|12.00|6200.06|0.00|0.00|0.00|0.00|0.00|0.00|
|C170|5|PROD001|PECA MECANICA TIPO A|29.86|UN|2820.09|5102|41|0.00|12.00|0.00|0.00|0.00|0.00|0.00|0.00|0.00|
|C100|1|0|12345678000195|55|00|000000166|000|09022024|12022024|26090.99|24992.53|2999.11|0.00|0.00|0.00|0.00|0.00|0.00|0.00|0|55512312300010|
|C170|1|PROD004|PRODUTO ACABADO D|26.20|UN|25061.45|6101|00|24562.46|12.00|2947.50|0.00|0.00|0.00|0.00|0.00|0.00|
|C170|2|PROD002|COMPONENTE ELETRICO B|13.20|UN|595.94|6101|40|0.00|12.00|0.00|0.00|0.00|0.00|0.00|0.00|0.00|
|C170|3|PROD005|INSUMO INDUSTRIAL E|16.13|UN|433.60|6101|90|430.07|12.00|51.61|0.00|0.00|0.00|0.00|0.00|0.00|
|C100|1|0|12345678000195|55|00|000000167|000|01022024|03022024|8739.79|6392.01|767.04|0.00|0.00|0.00|0.00|0.00|0.00|0.00|0|22244466000133|
|C170|1|PROD004|LINHA_CORROMPIDA|
|C170|2|PROD002|COMPONENTE ELETRICO B|41.30|UN|1679.05|6101|00|1485.57|12.00|178.27|0.00|0.00|0.00|0.00|0.00|0.00|
|C170|3|PROD007|PARTE SOBRESSALENTE G|16.05|UN|1676.41|6101|41|0.00|12.00|0.00|0.00|0.00|0.00|0.00|0.00|0.00|
|C170|4|PROD006|EMBALAGEM PADRAO F|24.12|UN|236.15|6101|60|0.00|12.00|0.00|0.00|0.00|0.00|0.00|0.00|0.00|
|C100|1|0|12345678000195|55|00|000000168|000|19022024|20022024|13047.23|11912.84|1429.54|0.00|0.00|0.00|0.00|0.00|0.00|0.00|0|77788899000177|
|C170|1|PROD002|COMPONENTE ELETRICO B|9.42|UN|364.34|5401|40|0.00|12.00|0.00|0.00|0.00|0.00|0.00|0.00|0.00|
|C170|2|PROD004|PRODUTO ACABADO D|16.96|UN|12682.89|5401|20|11912.84|12.00|1429.54|0.00|0.00|0.00|0.00|0.00|0.00|
|C100|1|0|12345678000195|55|00|000000169|000|25022024|27022024|17970.87|16567.75|1988.13|0.00|0.00|0.00|0.00|0.00|0.00|0.00|0|22244466000133|
|C170|1|PROD004|PRODUTO ACABADO D|8.10|UN|5350.18|5102|10|5145.71|12.00|617.49|0.00|0.00|0.00|0.00|0.00|0.00|
|C170|2|PROD007|PARTE SOBRESSALENTE G|23.04|UN|2626.56|5102|10|2396.92|12.00|287.63|0.00|0.00|0.00|0.00|0.00|0.00|
|C170|3|PROD003|MATERIAL BRUTO C|38.35|UN|9994.13|5102|90|9025.12|12.00|1083.01|0.00|0.00|0.00|0.00|0.00|0.00|
|C100|1|0|12345678000195|55|00|000000170|000|15022024|17022024|931.86|889.57|106.75|0.00|0.00|0.00|0.00|0.00|0.00|0.00|0|77788899000177|
|C170|1|PROD002|COMPONENTE ELETRICO B|15.45|UN|780.59|5101|10|756.11|12.00|90.73|0.00|0.00|0.00|0.00|0.00|0.00|
|C170|2|PROD006|EMBALAGEM PADRAO F|16.96|UN|151.27|5101|00|133.46|12.00|16.02|0.00|0.00|0.00|0.00|0.00|0.00|
|C100|1|0|12345678000195|55|00|000000171|000|15022024|17022024|955.58|0.00|0.00|0.00|0.00|0.00|0.00|0.00|0.00|0.00|0|99900011000155|
|C170|1|PROD002|COMPONENTE ELETRICO B|16.95|UN|955.58|5101|40|0.00|12.00|0.00|0.00|0.00|0.00|0.00|0.00|0.00|
|C100|1|0|12345678000195|55|00|000000172|000|02022024|05022024|25174.25|19836.84|2380.42|0.00|0.00|0.00|0.00|0.00|0.00|0.00|0|22244466000133|
|C170|1|PROD002|COMPONENTE ELETRICO B|3.75|UN|183.19|6102|30|0.00|12.00|0.00|0.00|0.00|0.00|0.00|0.00|0.00|
|C170|2|PROD008|CONJUNTO MONTADO H|22.47|UN|20197.83|6102|20|19836.84|12.00|2380.42|0.00|0.00|0.00|0.00|0.00|0.00|
|C170|3|PROD005|INSUMO INDUSTRIAL E|4.62|UN|191.38|6102|40|0.00|12.00|0.00|0.00|0.00|0.00|0.00|0.00|0.00|
|C170|4|PROD001|PECA MECANICA TIPO A|41.39|UN|4601.85|6102|40|0.00|12.00|0.00|0.00|0.00|0.00|0.00|0.00|0.00|
|C100|1|0|12345678000195|55|00|000000173|000|07022024|07022024|10115.22|0.00|0.00|0.00|0.00|0.00|0.00|0.00|0.00|0.00|0|99900011000155|
|C170|1|PROD003|MATERIAL BRUTO C|33.37|UN|9461.53|5403|50|0.00|12.00|0.00|0.00|0.00|0.00|0.00|0.00|0.00|
|C170|2|PROD005|INSUMO INDUSTRIAL E|34.79|UN|653.69|5403|41|0.00|12.00|0.00|0.00|0.00|0.00|0.00|0.00|0.00|
|C100|1|0|12345678000195|55|00|000000174|000|28022024|01032024|23239.95|0.00|0.00|0.00|0.00|0.00|0.00|0.00|0.00|0.00|0|33366699000100|
|C170|1|PROD002|COMPONENTE ELETRICO B|23.58|UN|1139.34|5403|40|0.00|12.00|0.00|0.00|0.00|0.00|0.00|0.00|0.00|
|C170|2|PROD004|PRODUTO ACABADO D|35.50|UN|22100.61|5403|40|0.00|12.00|0.00|0.00|0.00|0.00|0.00|0.00|0.00|
|C100|1|0|12345678000195|55|00|000000175|000|05022024|05022024|14883.41|13040.12|1564.82|0.00|0.00|0.00|0.00|0.00|0.00|0.00|0|55512312300010|
|C170|1|PROD004|PRODUTO ACABADO D|3.95|UN|3855.27|6102|10|3604.13|12.00|432.50|0.00|0.00|0.00|0.00|0.00|0.00|
|C170|2|PROD007|PARTE SOBRESSALENTE G|49.79|UN|7805.61|6102|51|7017.72|12.00|842.13|0.00|0.00|0.00|0.00|0.00|0.00|
|C170|3|PROD007|PARTE SOBRESSALENTE G|27.40|UN|2811.72|6102|10|2418.27|12.00|290.19|0.00|0.00|0.00|0.00|0.00|0.00|
|C170|4|PROD007|PARTE SOBRESSALENTE G|4.70|UN|410.81|6102|40|0.00|12.00|0.00|0.00|0.00|0.00|0.00|0.00|0.00|
|C100|1|0|12345678000195|55|00|000000176|000|18022024|19022024|779.70|671.29|80.55|0.00|0.00|0.00|0.00|0.00|0.00|0.00|0|55512312300010|
|C170|1|PROD005|INSUMO INDUSTRIAL E|23.95|UN|779.70|6101|00|671.29|12.00|80.55|0.00|0.00|0.00|0.00|0.00|0.00|
|C100|1|0|12345678000195|55|00|000000177|000|27022024|29022024|66703.85|14091.48|1690.98|0.00|0.00|0.00|0.00|0.00|0.00|0.00|0|22244466000133|
|C170|1|PROD008|CONJUNTO MONTADO H|9.90|UN|10918.54|5403|20|10560.05|12.00|1267.21|0.00|0.00|0.00|0.00|0.00|0.00|
|C170|2|PROD008|CONJUNTO MONTADO H|37.23|UN|50783.95|5403|60|0.00|12.00|0.00|0.00|0.00|0.00|0.00|0.00|0.00|
|C170|3|PROD002|COMPONENTE ELETRICO B|20.67|UN|954.22|5403|40|0.00|12.00|0.00|0.00|0.00|0.00|0.00|0.00|0.00|
|C170|4|PROD003|MATERIAL BRUTO C|20.11|UN|4047.14|5403|10|3531.43|12.00|423.77|0.00|0.00|0.00|0.00|0.00|0.00|
|C100|1|0|12345678000195|55|00|000000178|000|19022024|21022024|18591.02|17392.77|2087.13|0.00|0.00|0.00|0.00|0.00|0.00|0.00|0|77788899000177|
|C170|1|PROD006|EMBALAGEM PADRAO F|44.77|UN|447.69|6101|40|0.00|12.00|0.00|0.00|0.00|0.00|0.00|0.00|0.00|
|C170|2|PROD002|COMPONENTE ELETRICO B|10.25|UN|391.29|6101|10|338.52|12.00|40.62|0.00|0.00|0.00|0.00|0.00|0.00|
|C170|3|PROD007|PARTE SOBRESSALENTE G|27.14|UN|4221.59|6101|00|3668.98|12.00|440.28|0.00|0.00|0.00|0.00|0.00|0.00|
|C170|4|PROD008|CONJUNTO MONTADO H|18.08|UN|13530.45|6101|51|13385.27|12.00|1606.23|0.00|0.00|0.00|0.00|0.00|0.00|
|C100|1|0|12345678000195|55|00|000000179|000|07022024|09022024|41426.97|33768.50|4052.22|0.00|0.00|0.00|0.00|0.00|0.00|0.00|0|77788899000177|
|C170|1|PROD008|CONJUNTO MONTADO H|2.34|UN|3072.95|5102|70|0.00|12.00|0.00|0.00|0.00|0.00|0.00|0.00|0.00|
|C170|2|PROD002|COMPONENTE ELETRICO B|7.03|UN|577.61|5102|00|566.13|12.00|67.94|0.00|0.00|0.00|0.00|0.00|0.00|
|C170|3|PROD008|CONJUNTO MONTADO H|42.85|UN|36255.76|5102|00|33202.37|12.00|3984.28|0.00|0.00|0.00|0.00|0.00|0.00|
|C170|4|PROD007|PARTE SOBRESSALENTE G|10.73|UN|1520.65|5102|40|0.00|12.00|0.00|0.00|0.00|0.00|0.00|0.00|0.00|
|C100|1|0|12345678000195|55|00|000000180|000|03022024|04022024|38305.98|7898.44|947.81|0.00|0.00|0.00|0.00|0.00|0.00|0.00|0|55512312300010|
|C170|1|PROD006|EMBALAGEM PADRAO F|30.64|UN|314.04|6101|10|275.93|12.00|33.11|0.00|0.00|0.00|0.00|0.00|0.00|
|C170|2|PROD001|PECA MECANICA TIPO A|49.27|UN|5222.34|6101|10|4638.97|12.00|556.68|0.00|0.00|0.00|0.00|0.00|0.00|
|C170|3|PROD007|PARTE SOBRESSALENTE G|6.49|UN|756.24|6101|00|733.94|12.00|88.07|0.00|0.00|0.00|0.00|0.00|0.00|
|C170|4|PROD001|PECA MECANICA TIPO A|20.61|UN|2268.06|6101|10|2249.60|12.00|269.95|0.00|0.00|0.00|0.00|0.00|0.00|
|C170|5|PROD004|PRODUTO ACABADO D|41.99|UN|29745.30|6101|50|0.00|12.00|0.00|0.00|0.00|0.00|0.00|0.00|0.00|
|C100|1|0|12345678000195|55|00|000000181|000|08022024|08022024|41610.45|7715.99|925.92|0.00|0.00|0.00|0.00|0.00|0.00|0.00|0|33366699000100|
|C170|1|PROD008|CONJUNTO MONTADO H|44.97|UN|32906.52|6102|50|0.00|12.00|0.00|0.00|0.00|0.00|0.00|0.00|0.00|
|C170|2|PROD001|PECA MECANICA TIPO A|9.69|UN|490.85|6102|30|0.00|12.00|0.00|0.00|0.00|0.00|0.00|0.00|0.00|
|C170|3|PROD008|CONJUNTO MONTADO H|7.87|UN|8098.24|6102|00|7607.74|12.00|912.93|0.00|0.00|0.00|0.00|0.00|0.00|
|C170|4|PROD006|EMBALAGEM PADRAO F|11.28|UN|114.84|6102|00|108.25|12.00|12.99|0.00|0.00|0.00|0.00|0.00|0.00|
|C100|1|0|12345678000195|55|00|000000182|000|14022024|15022024|13097.92|4959.06|595.09|0.00|0.00|0.00|0.00|0.00|0.00|0.00|0|77788899000177|
|C170|1|PROD008|CONJUNTO MONTADO H|6.36|UN|5174.88|5102|20|4636.23|12.00|556.35|0.00|0.00|0.00|0.00|0.00|0.00|
|C170|2|PROD006|EMBALAGEM PADRAO F|31.64|UN|359.43|5102|00|322.83|12.00|38.74|0.00|0.00|0.00|0.00|0.00|0.00|
|C170|3|PROD007|PARTE SOBRESSALENTE G|39.38|UN|4195.15|5102|60|0.00|12.00|0.00|0.00|0.00|0.00|0.00|0.00|0.00|
|C170|4|PROD002|COMPONENTE ELETRICO B|2.68|UN|208.70|5102|60|0.00|12.00|0.00|0.00|0.00|0.00|0.00|0.00|0.00|
|C170|5|PROD008|CONJUNTO MONTADO H|3.28|UN|3159.76|5102|40|0.00|12.00|0.00|0.00|0.00|0.00|0.00|0.00|0.00|
|C100|1|0|12345678000195|55|00|000000183|000|06022024|07022024|3132.62|3117.93|374.15|0.00|0.00|0.00|0.00|0.00|0.00|0.00|0|99900011000155|
|C170|1|PROD003|MATERIAL BRUTO C|11.91|UN|3132.62|5101|00|3117.93|12.00|374.15|0.00|0.00|0.00|0.00|0.00|0.00|
|C100|1|0|12345678000195|55|00|000000184|000|14022024|17022024|64109.50|12711.13|1525.33|0.00|0.00|0.00|0.00|0.00|0.00|0.00|0|22244466000133|
|C170|1|PROD007|PARTE SOBRESSALENTE G|16.82|UN|2072.35|5102|70|0.00|12.00|0.00|0.00|0.00|0.00|0.00|0.00|0.00|
|C170|2|PROD001|PECA MECANICA TIPO A|33.75|UN|1915.48|5102|20|1866.95|12.00|224.03|0.00|0.00|0.00|0.00|0.00|0.00|
|C170|3|PROD004|PRODUTO ACABADO D|28.99|UN|16246.56|5102|30|0.00|12.00|0.00|0.00|0.00|0.00|0.00|0.00|0.00|
|C170|4|PROD008|CONJUNTO MONTADO H|40.47|UN|32366.32|5102|40|0.00|12.00|0.00|0.00|0.00|0.00|0.00|0.00|0.00|
|C170|5|PROD003|MATERIAL BRUTO C|37.42|UN|11508.79|5102|00|10844.18|12.00|1301.30|0.00|0.00|0.00|0.00|0.00|0.00|
|C100|1|0|12345678000195|55|00|000000185|000|08022024|10022024|38216.02|29084.45|3490.13|0.00|0.00|0.00|0.00|0.00|0.00|0.00|0|77788899000177|
|C170|1|PROD003|MATERIAL BRUTO C|26.48|UN|7587.49|5102|60|0.00|12.00|0.00|0.00|0.00|0.00|0.00|0.00|0.00|
|C170|2|PROD008|CONJUNTO MONTADO H|38.23|UN|30289.38|5102|20|28750.08|12.00|3450.01|0.00|0.00|0.00|0.00|0.00|0.00|
|C170|3|PROD006|EMBALAGEM PADRAO F|29.39|UN|339.15|5102|00|334.37|12.00|40.12|0.00|0.00|0.00|0.00|0.00|0.00|
|C100|1|0|12345678000195|55|00|000000186|000|21022024|21022024|3065.04|2645.43|317.45|0.00|0.00|0.00|0.00|0.00|0.00|0.00|0|22244466000133|
|C170|1|PROD001|PECA MECANICA TIPO A|41.93|UN|2794.90|5102|10|2380.58|12.00|285.67|0.00|0.00|0.00|0.00|0.00|0.00|
|C170|2|PROD006|EMBALAGEM PADRAO F|24.56|UN|270.14|5102|00|264.85|12.00|31.78|0.00|0.00|0.00|0.00|0.00|0.00|
|C100|1|0|12345678000195|55|00|000000187|000|13022024|16022024|6325.26|4989.97|598.79|0.00|0.00|0.00|0.00|0.00|0.00|0.00|0|99900011000155|
|C170|1|PROD005|INSUMO INDUSTRIAL E|38.66|UN|1543.96|5102|10|1519.07|12.00|182.29|0.00|0.00|0.00|0.00|0.00|0.00|
|C170|2|PROD005|INSUMO INDUSTRIAL E|13.51|UN|497.00|5102|20|463.37|12.00|55.60|0.00|0.00|0.00|0.00|0.00|0.00|
|C170|3|PROD001|PECA MECANICA TIPO A|33.50|UN|3241.36|5102|10|3007.53|12.00|360.90|0.00|0.00|0.00|0.00|0.00|0.00|
|C170|4|PROD003|MATERIAL BRUTO C|4.09|UN|1042.94|5102|40|0.00|12.00|0.00|0.00|0.00|0.00|0.00|0.00|0.00|
|C100|1|0|12345678000195|55|00|000000188|000|05022024|05022024|8626.17|4855.09|582.61|0.00|0.00|0.00|0.00|0.00|0.00|0.00|0|99900011000155|
|C170|1|PROD007|PARTE SOBRESSALENTE G|18.03|UN|2095.73|5102|40|0.00|12.00|0.00|0.00|0.00|0.00|0.00|0.00|0.00|
|C170|2|PROD001|PECA MECANICA TIPO A|47.04|UN|5533.55|5102|90|4855.09|12.00|582.61|0.00|0.00|0.00|0.00|0.00|0.00|
|C170|3|PROD006|EMBALAGEM PADRAO F|41.18|UN|461.23|5102|30|0.00|12.00|0.00|0.00|0.00|0.00|0.00|0.00|0.00|
|C170|4|PROD002|COMPONENTE ELETRICO B|7.94|UN|535.66|5102|41|0.00|12.00|0.00|0.00|0.00|0.00|0.00|0.00|0.00|
|C100|1|0|12345678000195|55|00|000000189|000|24022024|26022024|8535.97|3696.07|443.53|0.00|0.00|0.00|0.00|0.00|0.00|0.00|0|77788899000177|
|C170|1|PROD007|PARTE SOBRESSALENTE G|27.43|UN|3717.17|6101|90|3252.57|12.00|390.31|0.00|0.00|0.00|0.00|0.00|0.00|
|C170|2|PROD005|INSUMO INDUSTRIAL E|8.78|UN|292.96|6101|40|0.00|12.00|0.00|0.00|0.00|0.00|0.00|0.00|0.00|
|C170|3|PROD005|INSUMO INDUSTRIAL E|43.09|UN|909.59|6101|70|0.00|12.00|0.00|0.00|0.00|0.00|0.00|0.00|0.00|
|C170|4|PROD001|PECA MECANICA TIPO A|36.09|UN|3170.69|6101|70|0.00|12.00|0.00|0.00|0.00|0.00|0.00|0.00|0.00|
|C170|5|PROD005|INSUMO INDUSTRIAL E|21.78|UN|445.56|6101|00|443.50|12.00|53.22|0.00|0.00|0.00|0.00|0.00|0.00|
|C100|1|0|12345678000195|55|00|000000190|000|10022024|13022024|68844.87|1391.59|166.99|0.00|0.00|0.00|0.00|0.00|0.00|0.00|0|22244466000133|
|C170|1|PROD008|CONJUNTO MONTADO H|1.02|UN|890.82|6101|40|0.00|12.00|0.00|0.00|0.00|0.00|0.00|0.00|0.00|
|C170|2|PROD004|PRODUTO ACABADO D|16.27|UN|15342.81|6101|40|0.00|12.00|0.00|0.00|0.00|0.00|0.00|0.00|0.00|
|C170|3|PROD002|COMPONENTE ELETRICO B|48.01|UN|1596.65|6101|20|1391.59|12.00|166.99|0.00|0.00|0.00|0.00|0.00|0.00|
|C170|4|PROD008|CONJUNTO MONTADO H|41.30|UN|51014.59|6101|50|0.00|12.00|0.00|0.00|0.00|0.00|0.00|0.00|0.00|
|C100|1|0|12345678000195|55|00|000000191|000|13022024|14022024|33908.53|1741.48|208.98|0.00|0.00|0.00|0.00|0.00|0.00|0.00|0|77788899000177|
|C170|1|PROD004|PRODUTO ACABADO D|48.20|UN|30493.52|6102|60|0.00|12.00|0.00|0.00|0.00|0.00|0.00|0.00|0.00|
|C170|2|PROD002|COMPONENTE ELETRICO B|7.05|UN|498.29|6102|70|0.00|12.00|0.00|0.00|0.00|0.00|0.00|0.00|0.00|
|C170|3|PROD007|PARTE SOBRESSALENTE G|8.44|UN|974.57|6102|40|0.00|12.00|0.00|0.00|0.00|0.00|0.00|0.00|0.00|
|C170|4|PROD001|PECA MECANICA TIPO A|38.27|UN|1942.15|6102|00|1741.48|12.00|208.98|0.00|0.00|0.00|0.00|0.00|0.00|
|C100|1|0|12345678000195|55|00|000000192|000|25022024|28022024|39576.06|1353.00|162.36|0.00|0.00|0.00|0.00|0.00|0.00|0.00|0|55512312300010|
|C170|1|PROD003|MATERIAL BRUTO C|4.45|UN|1543.48|5102|60|0.00|12.00|0.00|0.00|0.00|0.00|0.00|0.00|0.00|
|C170|2|PROD001|PECA MECANICA TIPO A|17.73|UN|1224.05|5102|90|1110.49|12.00|133.26|0.00|0.00|0.00|0.00|0.00|0.00|
|C170|3|PROD006|EMBALAGEM PADRAO F|44.66|UN|258.61|5102|20|242.51|12.00|29.10|0.00|0.00|0.00|0.00|0.00|0.00|
|C170|4|PROD004|PRODUTO ACABADO D|43.94|UN|36549.92|5102|41|0.00|12.00|0.00|0.00|0.00|0.00|0.00|0.00|0.00|
|C100|1|0|12345678000195|55|00|000000193|000|08022024|08022024|64950.30|52626.10|6315.14|0.00|0.00|0.00|0.00|0.00|0.00|0.00|0|33366699000100|
|C170|1|PROD008|CONJUNTO MONTADO H|35.38|UN|35474.58|5101|00|30713.13|12.00|3685.58|0.00|0.00|0.00|0.00|0.00|0.00|
|C170|2|PROD007|PARTE SOBRESSALENTE G|38.73|UN|5707.97|5101|40|0.00|12.00|0.00|0.00|0.00|0.00|0.00|0.00|0.00|
|C170|3|PROD002|COMPONENTE ELETRICO B|45.33|UN|2956.10|5101|10|2808.43|12.00|337.01|0.00|0.00|0.00|0.00|0.00|0.00|
|C170|4|PROD007|PARTE SOBRESSALENTE G|13.31|UN|1444.64|5101|00|1382.47|12.00|165.90|0.00|0.00|0.00|0.00|0.00|0.00|
|C170|5|PROD004|PRODUTO ACABADO D|24.79|UN|19367.01|5101|00|17722.07|12.00|2126.65|0.00|0.00|0.00|0.00|0.00|0.00|
|C100|1|0|12345678000195|55|00|000000194|000|04022024|07022024|78532.73|50568.86|6068.26|0.00|0.00|0.00|0.00|0.00|0.00|0.00|0|33366699000100|
|C170|1|PROD007|PARTE SOBRESSALENTE G|30.48|UN|3878.10|6101|41|0.00|12.00|0.00|0.00|0.00|0.00|0.00|0.00|0.00|
|C170|2|PROD004|PRODUTO ACABADO D|47.75|UN|37068.32|6101|00|35756.27|12.00|4290.75|0.00|0.00|0.00|0.00|0.00|0.00|
|C170|3|PROD005|INSUMO INDUSTRIAL E|18.67|UN|619.23|6101|60|0.00|12.00|0.00|0.00|0.00|0.00|0.00|0.00|0.00|
|C170|4|PROD008|CONJUNTO MONTADO H|21.67|UN|21141.69|6101|40|0.00|12.00|0.00|0.00|0.00|0.00|0.00|0.00|0.00|
|C170|5|PROD004|PRODUTO ACABADO D|18.02|UN|15825.39|6101|51|14812.59|12.00|1777.51|0.00|0.00|0.00|0.00|0.00|0.00|
|C100|1|0|12345678000195|55|00|000000195|000|02022024|05022024|5909.16|1479.92|177.59|0.00|0.00|0.00|0.00|0.00|0.00|0.00|0|99900011000155|
|C170|1|PROD006|EMBALAGEM PADRAO F|47.35|UN|269.43|6102|60|0.00|12.00|0.00|0.00|0.00|0.00|0.00|0.00|0.00|
|C170|2|PROD001|PECA MECANICA TIPO A|40.29|UN|4070.80|6102|50|0.00|12.00|0.00|0.00|0.00|0.00|0.00|0.00|0.00|
|C170|3|PROD005|INSUMO INDUSTRIAL E|13.42|UN|497.96|6102|10|495.99|12.00|59.52|0.00|0.00|0.00|0.00|0.00|0.00|
|C170|4|PROD001|PECA MECANICA TIPO A|13.19|UN|1070.97|6102|00|983.93|12.00|118.07|0.00|0.00|0.00|0.00|0.00|0.00|
|C100|1|0|12345678000195|55|00|000000196|000|25022024|26022024|36834.14|27673.35|3320.81|0.00|0.00|0.00|0.00|0.00|0.00|0.00|0|33366699000100|
|C170|1|PROD007|PARTE SOBRESSALENTE G|40.96|UN|6044.58|5102|51|5440.51|12.00|652.86|0.00|0.00|0.00|0.00|0.00|0.00|
|C170|2|PROD005|INSUMO INDUSTRIAL E|31.20|UN|1091.52|5102|50|0.00|12.00|0.00|0.00|0.00|0.00|0.00|0.00|0.00|
|C170|3|PROD003|MATERIAL BRUTO C|12.15|UN|3940.57|5102|00|3776.21|12.00|453.15|0.00|0.00|0.00|0.00|0.00|0.00|
|C170|4|PROD004|PRODUTO ACABADO D|32.33|UN|21022.92|5102|20|18456.63|12.00|2214.80|0.00|0.00|0.00|0.00|0.00|0.00|
|C170|5|PROD003|MATERIAL BRUTO C|19.75|UN|4734.55|5102|40|0.00|12.00|0.00|0.00|0.00|0.00|0.00|0.00|0.00|
|C100|1|0|12345678000195|55|00|000000197|000|11022024|14022024|17187.22|0.00|0.00|0.00|0.00|0.00|0.00|0.00|0.00|0.00|0|33366699000100|
|C170|1|PROD008|CONJUNTO MONTADO H|6.46|UN|7156.42|5401|60|0.00|12.00|0.00|0.00|0.00|0.00|0.00|0.00|0.00|
|C170|2|PROD003|MATERIAL BRUTO C|35.31|UN|10030.80|5401|41|0.00|12.00|0.00|0.00|0.00|0.00|0.00|0.00|0.00|
|C100|1|0|12345678000195|55|00|000000198|000|06022024|09022024|341.93|311.39|37.37|0.00|0.00|0.00|0.00|0.00|0.00|0.00|0|99900011000155|
|C170|1|PROD002|COMPONENTE ELETRICO B|5.44|UN|341.93|6101|51|311.39|12.00|37.37|0.00|0.00|0.00|0.00|0.00|0.00|
|C100|1|0|12345678000195|55|00|000000199|000|05022024|07022024|60759.30|16926.46|2031.18|0.00|0.00|0.00|0.00|0.00|0.00|0.00|0|33366699000100|
|C170|1|PROD004|PRODUTO ACABADO D|47.85|UN|42632.57|6101|60|0.00|12.00|0.00|0.00|0.00|0.00|0.00|0.00|0.00|
|C170|2|PROD008|CONJUNTO MONTADO H|15.40|UN|16927.88|6101|00|16926.46|12.00|2031.18|0.00|0.00|0.00|0.00|0.00|0.00|
|C170|3|PROD001|PECA MECANICA TIPO A|22.68|UN|1198.85|6101|30|0.00|12.00|0.00|0.00|0.00|0.00|0.00|0.00|0.00|
|C100|1|0|12345678000195|55|00|000000200|000|01022024|04022024|1499.93|1215.85|145.90|0.00|0.00|0.00|0.00|0.00|0.00|0.00|0|33366699000100|
|C170|1|PROD002|COMPONENTE ELETRICO B|32.75|UN|1371.44|5102|00|1215.85|12.00|145.90|0.00|0.00|0.00|0.00|0.00|0.00|
|C170|2|PROD002|COMPONENTE ELETRICO B|2.02|UN|128.49|5102|50|0.00|12.00|0.00|0.00|0.00|0.00|0.00|0.00|0.00|
|C100|1|0|12345678000195|55|00|000000201|000|18022024|19022024|6274.03|4612.87|553.54|0.00|0.00|0.00|0.00|0.00|0.00|0.00|0|22244466000133|
|C170|1|PROD007|PARTE SOBRESSALENTE G|31.74|UN|4794.99|5403|90|4612.87|12.00|553.54|0.00|0.00|0.00|0.00|0.00|0.00|
|C170|2|PROD005|INSUMO INDUSTRIAL E|35.63|UN|1479.04|5403|50|0.00|12.00|0.00|0.00|0.00|0.00|0.00|0.00|0.00|
|C100|1|0|12345678000195|55|00|000000202|000|14022024|16022024|14233.40|14201.17|1704.14|0.00|0.00|0.00|0.00|0.00|0.00|0.00|0|33366699000100|
|C170|1|PROD003|MATERIAL BRUTO C|47.95|UN|10556.27|5401|51|10534.51|12.00|1264.14|0.00|0.00|0.00|0.00|0.00|0.00|
|C170|2|PROD003|MATERIAL BRUTO C|13.10|UN|3677.13|5401|00|3666.66|12.00|440.00|0.00|0.00|0.00|0.00|0.00|0.00|
|C100|1|0|12345678000195|55|00|000000203|000|23022024|26022024|4280.95|1743.46|209.22|0.00|0.00|0.00|0.00|0.00|0.00|0.00|0|99900011000155|
|C170|1|PROD001|PECA MECANICA TIPO A|18.07|UN|1791.54|6101|90|1743.46|12.00|209.22|0.00|0.00|0.00|0.00|0.00|0.00|
|C170|2|PROD007|PARTE SOBRESSALENTE G|11.97|UN|1215.72|6101|50|0.00|12.00|0.00|0.00|0.00|0.00|0.00|0.00|0.00|
|C170|3|PROD002|COMPONENTE ELETRICO B|23.55|UN|1273.69|6101|40|0.00|12.00|0.00|0.00|0.00|0.00|0.00|0.00|0.00|
|C100|1|0|12345678000195|55|00|000000204|000|06022024|06022024|20979.53|7146.85|857.63|0.00|0.00|0.00|0.00|0.00|0.00|0.00|0|55512312300010|
|C170|1|PROD005|INSUMO INDUSTRIAL E|8.25|UN|275.50|6101|00|263.88|12.00|31.67|0.00|0.00|0.00|0.00|0.00|0.00|
|C170|2|PROD001|PECA MECANICA TIPO A|28.92|UN|3363.45|6101|40|0.00|12.00|0.00|0.00|0.00|0.00|0.00|0.00|0.00|
|C170|3|PROD003|MATERIAL BRUTO C|35.97|UN|9841.29|6101|40|0.00|12.00|0.00|0.00|0.00|0.00|0.00|0.00|0.00|
|C170|4|PROD007|PARTE SOBRESSALENTE G|47.20|UN|7499.29|6101|00|6882.97|12.00|825.96|0.00|0.00|0.00|0.00|0.00|0.00|
|C100|1|0|12345678000195|55|00|000000205|000|23022024|25022024|32533.09|29785.56|3574.27|0.00|0.00|0.00|0.00|0.00|0.00|0.00|0|99900011000155|
|C170|1|PROD005|INSUMO INDUSTRIAL E|47.37|UN|894.76|5401|30|0.00|12.00|0.00|0.00|0.00|0.00|0.00|0.00|0.00|
|C170|2|PROD008|CONJUNTO MONTADO H|34.38|UN|31638.33|5401|00|29785.56|12.00|3574.27|0.00|0.00|0.00|0.00|0.00|0.00|
|C100|1|0|12345678000195|55|00|000000206|000|19022024|19022024|45336.35|33808.75|4057.05|0.00|0.00|0.00|0.00|0.00|0.00|0.00|0|33366699000100|
|C170|1|PROD001|PECA MECANICA TIPO A|38.91|UN|4641.15|5101|50|0.00|12.00|0.00|0.00|0.00|0.00|0.00|0.00|0.00|
|C170|2|PROD004|PRODUTO ACABADO D|2.44|UN|2312.58|5101|40|0.00|12.00|0.00|0.00|0.00|0.00|0.00|0.00|0.00|
|C170|3|PROD002|COMPONENTE ELETRICO B|17.26|UN|607.14|5101|20|579.90|12.00|69.59|0.00|0.00|0.00|0.00|0.00|0.00|
|C170|4|PROD002|COMPONENTE ELETRICO B|34.58|UN|2568.41|5101|10|2365.92|12.00|283.91|0.00|0.00|0.00|0.00|0.00|0.00|
|C170|5|PROD008|CONJUNTO MONTADO H|42.52|UN|35207.07|5101|10|30862.93|12.00|3703.55|0.00|0.00|0.00|0.00|0.00|0.00|
|C100|1|0|12345678000195|55|00|000000207|000|29022024|02032024|877.85|829.53|99.54|0.00|0.00|0.00|0.00|0.00|0.00|0.00|0|22244466000133|
|C170|1|PROD002|COMPONENTE ELETRICO B|20.67|UN|877.85|5403|90|829.53|12.00|99.54|0.00|0.00|0.00|0.00|0.00|0.00|
|C100|1|0|12345678000195|55|00|000000208|000|15022024|15022024|50335.54|49944.79|5993.37|0.00|0.00|0.00|0.00|0.00|0.00|0.00|0|33366699000100|
|C170|1|PROD001|PECA MECANICA TIPO A|3.90|UN|296.72|6101|00|295.10|12.00|35.41|0.00|0.00|0.00|0.00|0.00|0.00|
|C170|2|PROD005|INSUMO INDUSTRIAL E|26.93|UN|407.41|6101|10|347.99|12.00|41.76|0.00|0.00|0.00|0.00|0.00|0.00|
|C170|3|PROD008|CONJUNTO MONTADO H|45.35|UN|49631.41|6101|51|49301.70|12.00|5916.20|0.00|0.00|0.00|0.00|0.00|0.00|
|C100|1|0|12345678000195|55|00|000000209|000|21022024|24022024|78006.85|10049.87|1205.99|0.00|0.00|0.00|0.00|0.00|0.00|0.00|0|77788899000177|
|C170|1|PROD002|COMPONENTE ELETRICO B|29.12|UN|2301.75|5102|40|0.00|12.00|0.00|0.00|0.00|0.00|0.00|0.00|0.00|
|C170|2|PROD003|MATERIAL BRUTO C|44.10|UN|9994.85|5102|00|9723.48|12.00|1166.82|0.00|0.00|0.00|0.00|0.00|0.00|
|C170|3|PROD007|PARTE SOBRESSALENTE G|2.49|UN|206.67|5102|30|0.00|12.00|0.00|0.00|0.00|0.00|0.00|0.00|0.00|
|C170|4|PROD008|CONJUNTO MONTADO H|47.94|UN|65131.44|5102|50|0.00|12.00|0.00|0.00|0.00|0.00|0.00|0.00|0.00|
|C170|5|PROD005|INSUMO INDUSTRIAL E|16.27|UN|372.14|5102|10|326.39|12.00|39.17|0.00|0.00|0.00|0.00|0.00|0.00|
|C100|1|0|12345678000195|55|00|000000210|000|06022024|06022024|28934.41|23487.67|2818.52|0.00|0.00|0.00|0.00|0.00|0.00|0.00|0|99900011000155|
|C170|1|PROD005|INSUMO INDUSTRIAL E|46.08|UN|1857.95|5403|60|0.00|12.00|0.00|0.00|0.00|0.00|0.00|0.00|0.00|
|C170|2|PROD008|CONJUNTO MONTADO H|27.85|UN|27076.46|5403|20|23487.67|12.00|2818.52|0.00|0.00|0.00|0.00|0.00|0.00|
|C100|1|0|12345678000195|55|00|000000211|000|03022024|05022024|62722.62|1285.25|154.23|0.00|0.00|0.00|0.00|0.00|0.00|0.00|0|99900011000155|
|C170|1|PROD002|COMPONENTE ELETRICO B|39.91|UN|1288.66|5102|00|1285.25|12.00|154.23|0.00|0.00|0.00|0.00|0.00|0.00|
|C170|2|PROD008|CONJUNTO MONTADO H|24.54|UN|31670.65|5102|40|0.00|12.00|0.00|0.00|0.00|0.00|0.00|0.00|0.00|
|C170|3|PROD004|PRODUTO ACABADO D|37.98|UN|29763.31|5102|50|0.00|12.00|0.00|0.00|0.00|0.00|0.00|0.00|0.00|
|C100|1|0|12345678000195|55|00|000000212|000|22022024|24022024|9062.09|948.33|113.80|0.00|0.00|0.00|0.00|0.00|0.00|0.00|0|55512312300010|
|C170|1|PROD005|INSUMO INDUSTRIAL E|16.70|UN|452.29|6101|00|448.51|12.00|53.82|0.00|0.00|0.00|0.00|0.00|0.00|
|C170|2|PROD005|INSUMO INDUSTRIAL E|21.89|UN|585.56|6101|00|499.82|12.00|59.98|0.00|0.00|0.00|0.00|0.00|0.00|
|C170|3|PROD004|PRODUTO ACABADO D|6.11|UN|4702.57|6101|40|0.00|12.00|0.00|0.00|0.00|0.00|0.00|0.00|0.00|
|C170|4|PROD005|INSUMO INDUSTRIAL E|15.99|UN|668.18|6101|41|0.00|12.00|0.00|0.00|0.00|0.00|0.00|0.00|0.00|
|C170|5|PROD002|COMPONENTE ELETRICO B|38.77|UN|2653.49|6101|30|0.00|12.00|0.00|0.00|0.00|0.00|0.00|0.00|0.00|
|C100|1|0|12345678000195|55|00|000000213|000|07022024|07022024|11645.78|8261.11|991.33|0.00|0.00|0.00|0.00|0.00|0.00|0.00|0|55512312300010|
|C170|1|PROD006|EMBALAGEM PADRAO F|2.37|UN|27.89|5401|10|25.18|12.00|3.02|0.00|0.00|0.00|0.00|0.00|0.00|
|C170|2|PROD005|INSUMO INDUSTRIAL E|27.35|UN|1018.51|5401|40|0.00|12.00|0.00|0.00|0.00|0.00|0.00|0.00|0.00|
|C170|3|PROD002|COMPONENTE ELETRICO B|22.26|UN|1289.96|5401|50|0.00|12.00|0.00|0.00|0.00|0.00|0.00|0.00|0.00|
|C170|4|PROD003|MATERIAL BRUTO C|25.93|UN|7834.97|5401|00|6911.81|12.00|829.42|0.00|0.00|0.00|0.00|0.00|0.00|
|C170|5|PROD001|PECA MECANICA TIPO A|23.40|UN|1474.45|5401|00|1324.12|12.00|158.89|0.00|0.00|0.00|0.00|0.00|0.00|
|C100|1|0|12345678000195|55|00|000000214|000|16022024|17022024|83520.09|80276.15|9633.13|0.00|0.00|0.00|0.00|0.00|0.00|0.00|0|77788899000177|
|C170|1|PROD001|PECA MECANICA TIPO A|1.23|UN|82.33|6101|50|0.00|12.00|0.00|0.00|0.00|0.00|0.00|0.00|0.00|
|C170|2|PROD008|CONJUNTO MONTADO H|41.73|UN|57971.86|6101|90|56463.77|12.00|6775.65|0.00|0.00|0.00|0.00|0.00|0.00|
|C170|3|PROD002|COMPONENTE ELETRICO B|19.22|UN|1462.03|6101|00|1273.79|12.00|152.85|0.00|0.00|0.00|0.00|0.00|0.00|
|C170|4|PROD006|EMBALAGEM PADRAO F|13.06|UN|126.44|6101|60|0.00|12.00|0.00|0.00|0.00|0.00|0.00|0.00|0.00|
|C170|5|PROD008|CONJUNTO MONTADO H|21.72|UN|23877.43|6101|51|22538.59|12.00|2704.63|0.00|0.00|0.00|0.00|0.00|0.00|
|C100|1|0|12345678000195|55|00|000000215|000|29022024|02032024|13472.85|0.00|0.00|0.00|0.00|0.00|0.00|0.00|0.00|0.00|0|77788899000177|
|C170|1|PROD004|PRODUTO ACABADO D|21.27|UN|13472.85|5403|60|0.00|12.00|0.00|0.00|0.00|0.00|0.00|0.00|0.00|
|C100|1|0|12345678000195|55|00|000000216|000|09022024|09022024|4201.76|846.89|101.63|0.00|0.00|0.00|0.00|0.00|0.00|0.00|0|22244466000133|
|C170|1|PROD001|PECA MECANICA TIPO A|4.46|UN|258.49|6102|00|250.39|12.00|30.05|0.00|0.00|0.00|0.00|0.00|0.00|
|C170|2|PROD007|PARTE SOBRESSALENTE G|4.26|UN|523.69|6102|00|503.27|12.00|60.39|0.00|0.00|0.00|0.00|0.00|0.00|
|C170|3|PROD002|COMPONENTE ELETRICO B|47.81|UN|3314.74|6102|40|0.00|12.00|0.00|0.00|0.00|0.00|0.00|0.00|0.00|
|C170|4|PROD006|EMBALAGEM PADRAO F|14.96|UN|104.84|6102|51|93.23|12.00|11.19|0.00|0.00|0.00|0.00|0.00|0.00|
|C100|1|0|12345678000195|55|00|000000217|000|13022024|14022024|24598.70|20895.10|2507.41|0.00|0.00|0.00|0.00|0.00|0.00|0.00|0|55512312300010|
|C170|1|PROD007|PARTE SOBRESSALENTE G|6.46|UN|536.36|5101|10|462.63|12.00|55.52|0.00|0.00|0.00|0.00|0.00|0.00|
|C170|2|PROD002|COMPONENTE ELETRICO B|34.99|UN|1179.41|5101|20|1068.12|12.00|128.17|0.00|0.00|0.00|0.00|0.00|0.00|
|C170|3|PROD005|INSUMO INDUSTRIAL E|37.18|UN|1001.23|5101|41|0.00|12.00|0.00|0.00|0.00|0.00|0.00|0.00|0.00|
|C170|4|PROD001|PECA MECANICA TIPO A|33.48|UN|2854.26|5101|90|2755.17|12.00|330.62|0.00|0.00|0.00|0.00|0.00|0.00|
|C170|5|PROD004|PRODUTO ACABADO D|36.52|UN|19027.44|5101|00|16609.18|12.00|1993.10|0.00|0.00|0.00|0.00|0.00|0.00|
|C100|1|0|12345678000195|55|00|000000218|000|06022024|08022024|27870.54|1083.00|129.96|0.00|0.00|0.00|0.00|0.00|0.00|0.00|0|33366699000100|
|C170|1|PROD008|CONJUNTO MONTADO H|19.62|UN|26740.27|5403|30|0.00|12.00|0.00|0.00|0.00|0.00|0.00|0.00|0.00|
|C170|2|PROD001|PECA MECANICA TIPO A|12.04|UN|1130.27|5403|10|1083.00|12.00|129.96|0.00|0.00|0.00|0.00|0.00|0.00|
|C100|1|0|12345678000195|55|00|000000219|000|28022024|02032024|1428.65|1344.56|161.35|0.00|0.00|0.00|0.00|0.00|0.00|0.00|0|55512312300010|
|C170|1|PROD005|INSUMO INDUSTRIAL E|8.89|UN|264.77|5101|10|229.48|12.00|27.54|0.00|0.00|0.00|0.00|0.00|0.00|
|C170|2|PROD003|MATERIAL BRUTO C|4.19|UN|1163.88|5101|00|1115.08|12.00|133.81|0.00|0.00|0.00|0.00|0.00|0.00|
|C100|1|0|12345678000195|55|00|000000220|000|12022024|12022024|6.47|5.88|0.71|0.00|0.00|0.00|0.00|0.00|0.00|0.00|0|33366699000100|
|C170|1|PROD006|EMBALAGEM PADRAO F|1.29|UN|6.47|5102|00|5.88|12.00|0.71|0.00|0.00|0.00|0.00|0.00|0.00|
|C100|1|0|12345678000195|55|00|000000221|000|04022024|05022024|150.31|0.00|0.00|0.00|0.00|0.00|0.00|0.00|0.00|0.00|0|99900011000155|
|C170|1|PROD005|INSUMO INDUSTRIAL E|4.62|UN|150.31|6102|60|0.00|12.00|0.00|0.00|0.00|0.00|0.00|0.00|0.00|
|C100|1|0|12345678000195|55|00|000000222|000|21022024|24022024|81528.33|76500.77|9180.10|0.00|0.00|0.00|0.00|0.00|0.00|0.00|0|99900011000155|
|C170|1|PROD004|PRODUTO ACABADO D|49.03|UN|39495.84|5401|20|38894.97|12.00|4667.40|0.00|0.00|0.00|0.00|0.00|0.00|
|C170|2|PROD008|CONJUNTO MONTADO H|23.26|UN|30597.14|5401|00|27324.15|12.00|3278.90|0.00|0.00|0.00|0.00|0.00|0.00|
|C170|3|PROD002|COMPONENTE ELETRICO B|36.82|UN|3054.79|5401|10|2714.43|12.00|325.73|0.00|0.00|0.00|0.00|0.00|0.00|
|C170|4|PROD004|PRODUTO ACABADO D|8.86|UN|7573.65|5401|20|6778.26|12.00|813.39|0.00|0.00|0.00|0.00|0.00|0.00|
|C170|5|PROD003|MATERIAL BRUTO C|3.08|UN|806.91|5401|51|788.96|12.00|94.68|0.00|0.00|0.00|0.00|0.00|0.00|
|C100|1|0|12345678000195|55|00|000000223|000|05022024|07022024|64653.44|31469.28|3776.31|0.00|0.00|0.00|0.00|0.00|0.00|0.00|0|22244466000133|
|C170|1|PROD004|PRODUTO ACABADO D|20.03|UN|13513.13|5102|10|12294.68|12.00|1475.36|0.00|0.00|0.00|0.00|0.00|0.00|
|C170|2|PROD004|PRODUTO ACABADO D|36.44|UN|21822.93|5102|00|19174.60|12.00|2300.95|0.00|0.00|0.00|0.00|0.00|0.00|
|C170|3|PROD006|EMBALAGEM PADRAO F|10.54|UN|117.15|5102|40|0.00|12.00|0.00|0.00|0.00|0.00|0.00|0.00|0.00|
|C170|4|PROD004|PRODUTO ACABADO D|31.32|UN|29200.23|5102|30|0.00|12.00|0.00|0.00|0.00|0.00|0.00|0.00|0.00|
|C100|1|0|12345678000195|55|00|000000224|000|12022024|14022024|5950.57|0.00|0.00|0.00|0.00|0.00|0.00|0.00|0.00|0.00|0|22244466000133|
|C170|1|PROD002|COMPONENTE ELETRICO B|41.81|UN|3035.55|5102|40|0.00|12.00|0.00|0.00|0.00|0.00|0.00|0.00|0.00|
|C170|2|PROD001|PECA MECANICA TIPO A|3.49|UN|227.74|5102|40|0.00|12.00|0.00|0.00|0.00|0.00|0.00|0.00|0.00|
|C170|3|PROD006|EMBALAGEM PADRAO F|8.68|UN|66.74|5102|30|0.00|12.00|0.00|0.00|0.00|0.00|0.00|0.00|0.00|
|C170|4|PROD003|MATERIAL BRUTO C|9.84|UN|2620.54|5102|40|0.00|12.00|0.00|0.00|0.00|0.00|0.00|0.00|0.00|
|C100|1|0|12345678000195|55|00|000000225|000|19022024|20022024|6920.49|3301.41|396.17|0.00|0.00|0.00|0.00|0.00|0.00|0.00|0|22244466000133|
|C170|1|PROD007|PARTE SOBRESSALENTE G|16.51|UN|1645.19|5401|40|0.00|12.00|0.00|0.00|0.00|0.00|0.00|0.00|0.00|
|C170|2|PROD006|EMBALAGEM PADRAO F|38.37|UN|322.67|5401|40|0.00|12.00|0.00|0.00|0.00|0.00|0.00|0.00|0.00|
|C170|3|PROD005|INSUMO INDUSTRIAL E|38.41|UN|1126.45|5401|40|0.00|12.00|0.00|0.00|0.00|0.00|0.00|0.00|0.00|
|C170|4|PROD007|PARTE SOBRESSALENTE G|2.73|UN|239.61|5401|00|204.44|12.00|24.53|0.00|0.00|0.00|0.00|0.00|0.00|
|C170|5|PROD002|COMPONENTE ELETRICO B|46.09|UN|3586.57|5401|10|3096.97|12.00|371.64|0.00|0.00|0.00|0.00|0.00|0.00|
|C100|1|0|12345678000195|55|00|000000226|000|07022024|08022024|43999.74|37982.92|4557.95|0.00|0.00|0.00|0.00|0.00|0.00|0.00|0|33366699000100|
|C170|1|PROD007|PARTE SOBRESSALENTE G|29.59|UN|4327.69|5102|20|4135.28|12.00|496.23|0.00|0.00|0.00|0.00|0.00|0.00|
|C170|2|PROD003|MATERIAL BRUTO C|15.20|UN|3270.70|5102|40|0.00|12.00|0.00|0.00|0.00|0.00|0.00|0.00|0.00|
|C170|3|PROD008|CONJUNTO MONTADO H|45.14|UN|36401.35|5102|20|33847.64|12.00|4061.72|0.00|0.00|0.00|0.00|0.00|0.00|
|C100|1|0|12345678000195|55|00|000000227|000|14022024|15022024|12980.16|5794.08|695.29|0.00|0.00|0.00|0.00|0.00|0.00|0.00|0|99900011000155|
|C170|1|PROD006|EMBALAGEM PADRAO F|6.55|UN|76.17|6101|60|0.00|12.00|0.00|0.00|0.00|0.00|0.00|0.00|0.00|
|C170|2|PROD006|EMBALAGEM PADRAO F|5.76|UN|30.39|6101|60|0.00|12.00|0.00|0.00|0.00|0.00|0.00|0.00|0.00|
|C170|3|PROD003|MATERIAL BRUTO C|24.17|UN|6562.34|6101|41|0.00|12.00|0.00|0.00|0.00|0.00|0.00|0.00|0.00|
|C170|4|PROD007|PARTE SOBRESSALENTE G|29.72|UN|4726.55|6101|10|4330.18|12.00|519.62|0.00|0.00|0.00|0.00|0.00|0.00|
|C170|5|PROD002|COMPONENTE ELETRICO B|29.02|UN|1584.71|6101|00|1463.90|12.00|175.67|0.00|0.00|0.00|0.00|0.00|0.00|
|C100|1|0|12345678000195|55|00|000000228|000|12022024|14022024|14115.75|3866.58|463.99|0.00|0.00|0.00|0.00|0.00|0.00|0.00|0|99900011000155|
|C170|1|PROD001|PECA MECANICA TIPO A|20.29|UN|1226.55|5101|90|1188.09|12.00|142.57|0.00|0.00|0.00|0.00|0.00|0.00|
|C170|2|PROD002|COMPONENTE ELETRICO B|33.78|UN|2799.69|5101|10|2678.49|12.00|321.42|0.00|0.00|0.00|0.00|0.00|0.00|
|C170|3|PROD003|MATERIAL BRUTO C|47.49|UN|10089.51|5101|40|0.00|12.00|0.00|0.00|0.00|0.00|0.00|0.00|0.00|
|C100|1|0|12345678000195|55|00|000000229|000|01022024|04022024|8792.73|4144.85|497.38|0.00|0.00|0.00|0.00|0.00|0.00|0.00|0|22244466000133|
|C170|1|PROD007|PARTE SOBRESSALENTE G|26.50|UN|4061.81|5102|20|4004.43|12.00|480.53|0.00|0.00|0.00|0.00|0.00|0.00|
|C170|2|PROD002|COMPONENTE ELETRICO B|3.55|UN|153.07|5102|10|140.42|12.00|16.85|0.00|0.00|0.00|0.00|0.00|0.00|
|C170|3|PROD003|MATERIAL BRUTO C|22.21|UN|4577.85|5102|40|0.00|12.00|0.00|0.00|0.00|0.00|0.00|0.00|0.00|
|C100|1|0|12345678000195|55|00|000000230|000|22022024|22022024|41835.38|39723.79|4766.86|0.00|0.00|0.00|0.00|0.00|0.00|0.00|0|22244466000133|
|C170|1|PROD001|PECA MECANICA TIPO A|15.83|UN|1012.84|5401|20|919.92|12.00|110.39|0.00|0.00|0.00|0.00|0.00|0.00|
|C170|2|PROD007|PARTE SOBRESSALENTE G|35.07|UN|3563.71|5401|10|3225.23|12.00|387.03|0.00|0.00|0.00|0.00|0.00|0.00|
|C170|3|PROD008|CONJUNTO MONTADO H|26.12|UN|36447.84|5401|20|34847.49|12.00|4181.70|0.00|0.00|0.00|0.00|0.00|0.00|
|C170|4|PROD001|PECA MECANICA TIPO A|7.49|UN|555.69|5401|00|488.42|12.00|58.61|0.00|0.00|0.00|0.00|0.00|0.00|
|C170|5|PROD005|INSUMO INDUSTRIAL E|14.80|UN|255.30|5401|20|242.73|12.00|29.13|0.00|0.00|0.00|0.00|0.00|0.00|
|C100|1|0|12345678000195|55|00|000000231|000|28022024|28022024|4836.63|4181.23|501.75|0.00|0.00|0.00|0.00|0.00|0.00|0.00|0|33366699000100|
|C170|1|PROD007|PARTE SOBRESSALENTE G|4.65|UN|510.46|5101|00|495.26|12.00|59.43|0.00|0.00|0.00|0.00|0.00|0.00|
|C170|2|PROD001|PECA MECANICA TIPO A|39.16|UN|4326.17|5101|00|3685.97|12.00|442.32|0.00|0.00|0.00|0.00|0.00|0.00|
|C100|1|0|12345678000195|55|00|000000232|000|28022024|28022024|29662.33|5412.29|649.48|0.00|0.00|0.00|0.00|0.00|0.00|0.00|0|33366699000100|
|C170|1|PROD006|EMBALAGEM PADRAO F|6.19|UN|36.19|5102|40|0.00|12.00|0.00|0.00|0.00|0.00|0.00|0.00|0.00|
|C170|2|PROD007|PARTE SOBRESSALENTE G|10.78|UN|1505.44|5102|00|1300.33|12.00|156.04|0.00|0.00|0.00|0.00|0.00|0.00|
|C170|3|PROD004|PRODUTO ACABADO D|47.62|UN|23896.62|5102|41|0.00|12.00|0.00|0.00|0.00|0.00|0.00|0.00|0.00|
|C170|4|PROD007|PARTE SOBRESSALENTE G|12.42|UN|1043.36|5102|00|937.00|12.00|112.44|0.00|0.00|0.00|0.00|0.00|0.00|
|C170|5|PROD007|PARTE SOBRESSALENTE G|26.94|UN|3180.72|5102|00|3174.96|12.00|381.00|0.00|0.00|0.00|0.00|0.00|0.00|
|C100|1|0|12345678000195|55|00|000000233|000|23022024|24022024|1656.21|193.19|23.18|0.00|0.00|0.00|0.00|0.00|0.00|0.00|0|99900011000155|
|C170|1|PROD006|EMBALAGEM PADRAO F|22.68|UN|193.94|5403|00|193.19|12.00|23.18|0.00|0.00|0.00|0.00|0.00|0.00|
|C170|2|PROD005|INSUMO INDUSTRIAL E|13.90|UN|538.07|5403|40|0.00|12.00|0.00|0.00|0.00|0.00|0.00|0.00|0.00|
|C170|3|PROD007|PARTE SOBRESSALENTE G|10.28|UN|924.20|5403|41|0.00|12.00|0.00|0.00|0.00|0.00|0.00|0.00|0.00|
|C100|1|0|12345678000195|55|00|000000234|000|06022024|08022024|12015.11|1037.15|124.46|0.00|0.00|0.00|0.00|0.00|0.00|0.00|0|77788899000177|
|C170|1|PROD004|PRODUTO ACABADO D|15.54|UN|10844.67|5102|40|0.00|12.00|0.00|0.00|0.00|0.00|0.00|0.00|0.00|
|C170|2|PROD007|PARTE SOBRESSALENTE G|11.70|UN|1170.44|5102|10|1037.15|12.00|124.46|0.00|0.00|0.00|0.00|0.00|0.00|
|C100|1|0|12345678000195|55|00|000000235|000|21022024|23022024|4093.26|0.00|0.00|0.00|0.00|0.00|0.00|0.00|0.00|0.00|0|55512312300010|
|C170|1|PROD001|PECA MECANICA TIPO A|17.87|UN|1809.93|5401|40|0.00|12.00|0.00|0.00|0.00|0.00|0.00|0.00|0.00|
|C170|2|PROD001|PECA MECANICA TIPO A|41.07|UN|2283.33|5401|41|0.00|12.00|0.00|0.00|0.00|0.00|0.00|0.00|0.00|
|C100|1|0|12345678000195|55|00|000000236|000|01022024|01022024|98750.64|94170.79|11300.49|0.00|0.00|0.00|0.00|0.00|0.00|0.00|0|22244466000133|
|C170|1|PROD007|PARTE SOBRESSALENTE G|28.89|UN|3991.87|5401|10|3607.52|12.00|432.90|0.00|0.00|0.00|0.00|0.00|0.00|
|C170|2|PROD008|CONJUNTO MONTADO H|40.74|UN|39079.41|5401|10|36084.49|12.00|4330.14|0.00|0.00|0.00|0.00|0.00|0.00|
|C170|3|PROD006|EMBALAGEM PADRAO F|27.75|UN|283.33|5401|00|248.08|12.00|29.77|0.00|0.00|0.00|0.00|0.00|0.00|
|C170|4|PROD005|INSUMO INDUSTRIAL E|34.85|UN|908.24|5401|51|816.19|12.00|97.94|0.00|0.00|0.00|0.00|0.00|0.00|
|C170|5|PROD008|CONJUNTO MONTADO H|40.02|UN|54487.79|5401|20|53414.51|12.00|6409.74|0.00|0.00|0.00|0.00|0.00|0.00|
|C100|1|0|12345678000195|55|00|000000237|000|15022024|16022024|47515.68|40982.43|4917.90|0.00|0.00|0.00|0.00|0.00|0.00|0.00|0|22244466000133|
|C170|1|PROD004|PRODUTO ACABADO D|49.50|UN|39769.17|5102|10|33887.01|12.00|4066.44|0.00|0.00|0.00|0.00|0.00|0.00|
|C170|2|PROD001|PECA MECANICA TIPO A|39.78|UN|3831.32|5102|00|3597.38|12.00|431.69|0.00|0.00|0.00|0.00|0.00|0.00|
|C170|3|PROD002|COMPONENTE ELETRICO B|10.01|UN|352.62|5102|10|307.66|12.00|36.92|0.00|0.00|0.00|0.00|0.00|0.00|
|C170|4|PROD003|MATERIAL BRUTO C|17.53|UN|3562.57|5102|10|3190.38|12.00|382.85|0.00|0.00|0.00|0.00|0.00|0.00|
|C100|1|0|12345678000195|55|00|000000238|000|09022024|10022024|50691.78|5953.34|714.40|0.00|0.00|0.00|0.00|0.00|0.00|0.00|0|99900011000155|
|C170|1|PROD005|INSUMO INDUSTRIAL E|24.88|UN|820.54|5102|10|710.51|12.00|85.26|0.00|0.00|0.00|0.00|0.00|0.00|
|C170|2|PROD004|PRODUTO ACABADO D|47.70|UN|40010.86|5102|40|0.00|12.00|0.00|0.00|0.00|0.00|0.00|0.00|0.00|
|C170|3|PROD004|PRODUTO ACABADO D|7.93|UN|5941.15|5102|20|5242.83|12.00|629.14|0.00|0.00|0.00|0.00|0.00|0.00|
|C170|4|PROD007|PARTE SOBRESSALENTE G|25.04|UN|3919.23|5102|40|0.00|12.00|0.00|0.00|0.00|0.00|0.00|0.00|0.00|
|C100|1|0|12345678000195|55|00|000000239|000|21022024|23022024|54274.10|38098.43|4571.82|0.00|0.00|0.00|0.00|0.00|0.00|0.00|0|33366699000100|
|C170|1|PROD004|PRODUTO ACABADO D|40.55|UN|37093.01|6102|10|36928.49|12.00|4431.42|0.00|0.00|0.00|0.00|0.00|0.00|
|C170|2|PROD001|PECA MECANICA TIPO A|4.09|UN|332.76|6102|20|293.30|12.00|35.20|0.00|0.00|0.00|0.00|0.00|0.00|
|C170|3|PROD002|COMPONENTE ELETRICO B|16.98|UN|727.59|6102|51|652.56|12.00|78.31|0.00|0.00|0.00|0.00|0.00|0.00|
|C170|4|PROD003|MATERIAL BRUTO C|45.87|UN|15865.86|6102|41|0.00|12.00|0.00|0.00|0.00|0.00|0.00|0.00|0.00|
|C170|5|PROD006|EMBALAGEM PADRAO F|28.20|UN|254.88|6102|10|224.08|12.00|26.89|0.00|0.00|0.00|0.00|0.00|0.00|
|C100|1|0|12345678000195|55|00|000000240|000|11022024|12022024|29806.07|26286.64|3154.40|0.00|0.00|0.00|0.00|0.00|0.00|0.00|0|77788899000177|
|C170|1|PROD005|INSUMO INDUSTRIAL E|16.36|UN|634.44|6102|10|553.39|12.00|66.41|0.00|0.00|0.00|0.00|0.00|0.00|
|C170|2|PROD007|PARTE SOBRESSALENTE G|16.76|UN|2050.54|6102|20|2019.91|12.00|242.39|0.00|0.00|0.00|0.00|0.00|0.00|
|C170|3|PROD002|COMPONENTE ELETRICO B|47.41|UN|3320.12|6102|00|3016.12|12.00|361.93|0.00|0.00|0.00|0.00|0.00|0.00|
|C170|4|PROD005|INSUMO INDUSTRIAL E|10.47|UN|374.58|6102|40|0.00|12.00|0.00|0.00|0.00|0.00|0.00|0.00|0.00|
|C170|5|PROD008|CONJUNTO MONTADO H|18.82|UN|23426.39|6102|20|20697.22|12.00|2483.67|0.00|0.00|0.00|0.00|0.00|0.00|
|C100|1|0|12345678000195|55|00|000000241|000|11022024|13022024|33481.24|18543.14|2225.18|0.00|0.00|0.00|0.00|0.00|0.00|0.00|0|55512312300010|
|C170|1|PROD005|INSUMO INDUSTRIAL E|16.39|UN|636.91|6101|00|618.83|12.00|74.26|0.00|0.00|0.00|0.00|0.00|0.00|
|C170|2|PROD007|PARTE SOBRESSALENTE G|10.22|UN|1573.17|6101|40|0.00|12.00|0.00|0.00|0.00|0.00|0.00|0.00|0.00|
|C170|3|PROD008|CONJUNTO MONTADO H|15.48|UN|11495.91|6101|60|0.00|12.00|0.00|0.00|0.00|0.00|0.00|0.00|0.00|
|C170|4|PROD004|PRODUTO ACABADO D|26.65|UN|19775.25|6101|00|17924.31|12.00|2150.92|0.00|0.00|0.00|0.00|0.00|0.00|
|C100|1|0|12345678000195|55|00|000000242|000|10022024|12022024|12604.34|11805.86|1416.71|0.00|0.00|0.00|0.00|0.00|0.00|0.00|0|55512312300010|
|C170|1|PROD003|MATERIAL BRUTO C|32.55|UN|8568.80|5102|10|8280.63|12.00|993.68|0.00|0.00|0.00|0.00|0.00|0.00|
|C170|2|PROD001|PECA MECANICA TIPO A|49.66|UN|4035.54|5102|10|3525.23|12.00|423.03|0.00|0.00|0.00|0.00|0.00|0.00|
|C100|1|0|12345678000195|55|00|000000243|000|25022024|27022024|12906.47|11072.21|1328.67|0.00|0.00|0.00|0.00|0.00|0.00|0.00|0|22244466000133|
|C170|1|PROD004|PRODUTO ACABADO D|14.95|UN|11685.92|5101|10|9962.75|12.00|1195.53|0.00|0.00|0.00|0.00|0.00|0.00|
|C170|2|PROD002|COMPONENTE ELETRICO B|3.57|UN|171.17|5101|20|149.13|12.00|17.90|0.00|0.00|0.00|0.00|0.00|0.00|
|C170|3|PROD005|INSUMO INDUSTRIAL E|41.76|UN|1049.38|5101|00|960.33|12.00|115.24|0.00|0.00|0.00|0.00|0.00|0.00|
|C100|1|0|12345678000195|55|00|000000244|000|13022024|14022024|15143.96|10227.15|1227.26|0.00|0.00|0.00|0.00|0.00|0.00|0.00|0|33366699000100|
|C170|1|PROD007|PARTE SOBRESSALENTE G|44.28|UN|3740.33|5401|40|0.00|12.00|0.00|0.00|0.00|0.00|0.00|0.00|0.00|
|C170|2|PROD001|PECA MECANICA TIPO A|7.46|UN|406.40|5401|00|354.68|12.00|42.56|0.00|0.00|0.00|0.00|0.00|0.00|
|C170|3|PROD003|MATERIAL BRUTO C|26.62|UN|9076.59|5401|00|8742.56|12.00|1049.11|0.00|0.00|0.00|0.00|0.00|0.00|
|C170|4|PROD005|INSUMO INDUSTRIAL E|48.64|UN|1173.78|5401|20|1129.91|12.00|135.59|0.00|0.00|0.00|0.00|0.00|0.00|
|C170|5|PROD005|INSUMO INDUSTRIAL E|25.13|UN|746.86|5401|30|0.00|12.00|0.00|0.00|0.00|0.00|0.00|0.00|0.00|
|C100|1|0|12345678000195|55|00|000000245|000|23022024|24022024|2049.92|0.00|0.00|0.00|0.00|0.00|0.00|0.00|0.00|0.00|0|22244466000133|
|C170|1|PROD007|PARTE SOBRESSALENTE G|22.98|UN|2049.92|6101|60|0.00|12.00|0.00|0.00|0.00|0.00|0.00|0.00|0.00|
|C100|1|0|12345678000195|55|00|000000246|000|08022024|09022024|30045.56|22530.70|2703.69|0.00|0.00|0.00|0.00|0.00|0.00|0.00|0|33366699000100|
|C170|1|PROD001|PECA MECANICA TIPO A|38.17|UN|4446.57|5101|70|0.00|12.00|0.00|0.00|0.00|0.00|0.00|0.00|0.00|
|C170|2|PROD006|EMBALAGEM PADRAO F|7.75|UN|56.08|5101|10|53.00|12.00|6.36|0.00|0.00|0.00|0.00|0.00|0.00|
|C170|3|PROD006|EMBALAGEM PADRAO F|20.39|UN|174.79|5101|00|149.19|12.00|17.90|0.00|0.00|0.00|0.00|0.00|0.00|
|C170|4|PROD004|PRODUTO ACABADO D|36.02|UN|25185.50|5101|00|22163.71|12.00|2659.65|0.00|0.00|0.00|0.00|0.00|0.00|
|C170|5|PROD001|PECA MECANICA TIPO A|2.76|UN|182.62|5101|20|164.80|12.00|19.78|0.00|0.00|0.00|0.00|0.00|0.00|
|C100|1|0|12345678000195|55|00|000000247|000|19022024|21022024|1798.87|691.55|82.99|0.00|0.00|0.00|0.00|0.00|0.00|0.00|0|55512312300010|
|C170|1|PROD004|PRODUTO ACABADO D|1.36|UN|1089.75|6101|40|0.00|12.00|0.00|0.00|0.00|0.00|0.00|0.00|0.00|
|C170|2|PROD002|COMPONENTE ELETRICO B|14.02|UN|709.12|6101|10|691.55|12.00|82.99|0.00|0.00|0.00|0.00|0.00|0.00|
|C100|1|0|12345678000195|55|00|000000248|000|09022024|11022024|46646.51|43363.01|5203.56|0.00|0.00|0.00|0.00|0.00|0.00|0.00|0|99900011000155|
|C170|1|PROD008|CONJUNTO MONTADO H|23.13|UN|23405.80|5102|90|22253.70|12.00|2670.44|0.00|0.00|0.00|0.00|0.00|0.00|
|C170|2|PROD004|PRODUTO ACABADO D|38.73|UN|23168.88|5102|00|21040.07|12.00|2524.81|0.00|0.00|0.00|0.00|0.00|0.00|
|C170|3|PROD006|EMBALAGEM PADRAO F|6.23|UN|71.83|5102|00|69.24|12.00|8.31|0.00|0.00|0.00|0.00|0.00|0.00|
|C100|1|0|12345678000195|55|00|000000249|000|27022024|28022024|10882.56|9819.41|1178.33|0.00|0.00|0.00|0.00|0.00|0.00|0.00|0|33366699000100|
|C170|1|PROD003|MATERIAL BRUTO C|28.77|UN|9572.29|6101|00|8870.31|12.00|1064.44|0.00|0.00|0.00|0.00|0.00|0.00|
|C170|2|PROD001|PECA MECANICA TIPO A|16.18|UN|1054.45|6101|00|949.10|12.00|113.89|0.00|0.00|0.00|0.00|0.00|0.00|
|C170|3|PROD006|EMBALAGEM PADRAO F|25.48|UN|255.82|6101|40|0.00|12.00|0.00|0.00|0.00|0.00|0.00|0.00|0.00|
|C100|1|0|12345678000195|55|00|000000250|000|13022024|14022024|56188.21|52827.92|6339.35|0.00|0.00|0.00|0.00|0.00|0.00|0.00|0|22244466000133|
|C170|1|PROD005|INSUMO INDUSTRIAL E|13.18|UN|416.92|5403|60|0.00|12.00|0.00|0.00|0.00|0.00|0.00|0.00|0.00|
|C170|2|PROD003|MATERIAL BRUTO C|42.78|UN|12530.13|5403|51|12430.12|12.00|1491.61|0.00|0.00|0.00|0.00|0.00|0.00|
|C170|3|PROD008|CONJUNTO MONTADO H|46.58|UN|42498.23|5403|10|39745.05|12.00|4769.41|0.00|0.00|0.00|0.00|0.00|0.00|
|C170|4|PROD007|PARTE SOBRESSALENTE G|8.81|UN|742.93|5403|00|652.75|12.00|78.33|0.00|0.00|0.00|0.00|0.00|0.00|
|C100|1|0|12345678000195|55|00|000000251|000|24022024|26022024|38800.38|38386.82|4606.42|0.00|0.00|0.00|0.00|0.00|0.00|0.00|0|22244466000133|
|C170|1|PROD004|PRODUTO ACABADO D|45.03|UN|29042.16|5101|00|28737.77|12.00|3448.53|0.00|0.00|0.00|0.00|0.00|0.00|
|C170|2|PROD001|PECA MECANICA TIPO A|44.48|UN|4716.77|5101|00|4659.75|12.00|559.17|0.00|0.00|0.00|0.00|0.00|0.00|
|C170|3|PROD007|PARTE SOBRESSALENTE G|37.47|UN|5041.45|5101|00|4989.30|12.00|598.72|0.00|0.00|0.00|0.00|0.00|0.00|
|C100|1|0|12345678000195|55|00|000000252|000|06022024|06022024|261.27|0.00|0.00|0.00|0.00|0.00|0.00|0.00|0.00|0.00|0|22244466000133|
|C170|1|PROD006|EMBALAGEM PADRAO F|23.31|UN|261.27|5101|40|0.00|12.00|0.00|0.00|0.00|0.00|0.00|0.00|0.00|
|C100|1|0|12345678000195|55|00|000000253|000|09022024|09022024|3221.29|1011.76|121.41|0.00|0.00|0.00|0.00|0.00|0.00|0.00|0|33366699000100|
|C170|1|PROD004|PRODUTO ACABADO D|2.46|UN|1821.04|6102|50|0.00|12.00|0.00|0.00|0.00|0.00|0.00|0.00|0.00|
|C170|2|PROD006|EMBALAGEM PADRAO F|21.21|UN|250.48|6102|40|0.00|12.00|0.00|0.00|0.00|0.00|0.00|0.00|0.00|
|C170|3|PROD002|COMPONENTE ELETRICO B|3.16|UN|105.70|6102|41|0.00|12.00|0.00|0.00|0.00|0.00|0.00|0.00|0.00|
|C170|4|PROD001|PECA MECANICA TIPO A|14.76|UN|1028.92|6102|20|998.35|12.00|119.80|0.00|0.00|0.00|0.00|0.00|0.00|
|C170|5|PROD006|EMBALAGEM PADRAO F|2.20|UN|15.15|6102|51|13.41|12.00|1.61|0.00|0.00|0.00|0.00|0.00|0.00|
|C100|1|0|12345678000195|55|00|000000254|000|26022024|26022024|4815.28|0.00|0.00|0.00|0.00|0.00|0.00|0.00|0.00|0.00|0|22244466000133|
|C170|1|PROD007|PARTE SOBRESSALENTE G|41.93|UN|4815.28|6102|70|0.00|12.00|0.00|0.00|0.00|0.00|0.00|0.00|0.00|
|C100|1|0|12345678000195|55|00|000000255|000|26022024|27022024|1360.14|0.00|0.00|0.00|0.00|0.00|0.00|0.00|0.00|0.00|0|22244466000133|
|C170|1|PROD003|MATERIAL BRUTO C|5.33|UN|1360.14|6102|50|0.00|12.00|0.00|0.00|0.00|0.00|0.00|0.00|0.00|
|C100|1|0|12345678000195|55|00|000000256|000|06022024|08022024|3530.50|0.00|0.00|0.00|0.00|0.00|0.00|0.00|0.00|0.00|0|99900011000155|
|C170|1|PROD006|EMBALAGEM PADRAO F|32.33|UN|253.76|6102|40|0.00|12.00|0.00|0.00|0.00|0.00|0.00|0.00|0.00|
|C170|2|PROD005|INSUMO INDUSTRIAL E|19.23|UN|799.13|6102|41|0.00|12.00|0.00|0.00|0.00|0.00|0.00|0.00|0.00|
|C170|3|PROD003|MATERIAL BRUTO C|8.23|UN|2477.61|6102|60|0.00|12.00|0.00|0.00|0.00|0.00|0.00|0.00|0.00|
|C100|1|0|12345678000195|55|00|000000257|000|14022024|16022024|1064.05|978.91|117.47|0.00|0.00|0.00|0.00|0.00|0.00|0.00|0|99900011000155|
|C170|1|PROD005|INSUMO INDUSTRIAL E|44.35|UN|1064.05|5403|10|978.91|12.00|117.47|0.00|0.00|0.00|0.00|0.00|0.00|
|C100|1|0|12345678000195|55|00|000000258|000|28022024|29022024|2275.03|1332.77|159.93|0.00|0.00|0.00|0.00|0.00|0.00|0.00|0|99900011000155|
|C170|1|PROD005|INSUMO INDUSTRIAL E|30.34|UN|897.79|5101|50|0.00|12.00|0.00|0.00|0.00|0.00|0.00|0.00|0.00|
|C170|2|PROD007|PARTE SOBRESSALENTE G|8.81|UN|1268.05|5101|00|1233.10|12.00|147.97|0.00|0.00|0.00|0.00|0.00|0.00|
|C170|3|PROD006|EMBALAGEM PADRAO F|11.09|UN|109.19|5101|00|99.67|12.00|11.96|0.00|0.00|0.00|0.00|0.00|0.00|
|C100|1|0|12345678000195|55|00|000000259|000|17022024|17022024|402.54|0.00|0.00|0.00|0.00|0.00|0.00|0.00|0.00|0.00|0|55512312300010|
|C170|1|PROD005|INSUMO INDUSTRIAL E|13.48|UN|402.54|6101|70|0.00|12.00|0.00|0.00|0.00|0.00|0.00|0.00|0.00|
|C100|1|0|12345678000195|55|00|000000260|000|22022024|24022024|10748.67|0.00|0.00|0.00|0.00|0.00|0.00|0.00|0.00|0.00|0|77788899000177|
|C170|1|PROD003|MATERIAL BRUTO C|41.99|UN|10748.67|5403|70|0.00|12.00|0.00|0.00|0.00|0.00|0.00|0.00|0.00|
|C100|1|0|12345678000195|55|00|000000261|000|22022024|25022024|18288.66|5061.60|607.39|0.00|0.00|0.00|0.00|0.00|0.00|0.00|0|99900011000155|
|C170|1|PROD003|MATERIAL BRUTO C|23.23|UN|7552.91|5102|60|0.00|12.00|0.00|0.00|0.00|0.00|0.00|0.00|0.00|
|C170|2|PROD004|PRODUTO ACABADO D|10.23|UN|5116.97|5102|41|0.00|12.00|0.00|0.00|0.00|0.00|0.00|0.00|0.00|
|C170|3|PROD007|PARTE SOBRESSALENTE G|25.72|UN|2279.40|5102|00|1962.18|12.00|235.46|0.00|0.00|0.00|0.00|0.00|0.00|
|C170|4|PROD001|PECA MECANICA TIPO A|47.55|UN|3182.86|5102|20|3099.42|12.00|371.93|0.00|0.00|0.00|0.00|0.00|0.00|
|C170|5|PROD006|EMBALAGEM PADRAO F|27.56|UN|156.52|5102|50|0.00|12.00|0.00|0.00|0.00|0.00|0.00|0.00|0.00|
|C100|1|0|12345678000195|55|00|000000262|000|01022024|01022024|2802.05|2571.97|308.64|0.00|0.00|0.00|0.00|0.00|0.00|0.00|0|55512312300010|
|C170|1|PROD002|COMPONENTE ELETRICO B|41.55|UN|2802.05|5401|00|2571.97|12.00|308.64|0.00|0.00|0.00|0.00|0.00|0.00|
|C100|1|0|12345678000195|55|00|000000263|000|14022024|16022024|23657.79|11939.97|1432.80|0.00|0.00|0.00|0.00|0.00|0.00|0.00|0|55512312300010|
|C170|1|PROD001|PECA MECANICA TIPO A|15.89|UN|1482.96|6102|60|0.00|12.00|0.00|0.00|0.00|0.00|0.00|0.00|0.00|
|C170|2|PROD005|INSUMO INDUSTRIAL E|32.13|UN|996.55|6102|40|0.00|12.00|0.00|0.00|0.00|0.00|0.00|0.00|0.00|
|C170|3|PROD003|MATERIAL BRUTO C|48.87|UN|13440.35|6102|10|11939.97|12.00|1432.80|0.00|0.00|0.00|0.00|0.00|0.00|
|C170|4|PROD003|MATERIAL BRUTO C|24.21|UN|7737.93|6102|41|0.00|12.00|0.00|0.00|0.00|0.00|0.00|0.00|0.00|
|C100|1|0|12345678000195|55|00|000000264|000|14022024|16022024|61600.73|55743.66|6689.24|0.00|0.00|0.00|0.00|0.00|0.00|0.00|0|55512312300010|
|C170|1|PROD008|CONJUNTO MONTADO H|5.25|UN|4606.06|6102|00|4084.69|12.00|490.16|0.00|0.00|0.00|0.00|0.00|0.00|
|C170|2|PROD004|PRODUTO ACABADO D|41.70|UN|33486.74|6102|00|30371.73|12.00|3644.61|0.00|0.00|0.00|0.00|0.00|0.00|
|C170|3|PROD008|CONJUNTO MONTADO H|17.53|UN|19680.20|6102|20|17681.30|12.00|2121.76|0.00|0.00|0.00|0.00|0.00|0.00|
|C170|4|PROD007|PARTE SOBRESSALENTE G|28.08|UN|3827.73|6102|20|3605.94|12.00|432.71|0.00|0.00|0.00|0.00|0.00|0.00|
|C100|1|0|12345678000195|55|00|000000265|000|01022024|02022024|23948.88|22860.87|2743.30|0.00|0.00|0.00|0.00|0.00|0.00|0.00|0|55512312300010|
|C170|1|PROD008|CONJUNTO MONTADO H|22.78|UN|23948.88|6101|20|22860.87|12.00|2743.30|0.00|0.00|0.00|0.00|0.00|0.00|
|C100|1|0|12345678000195|55|00|000000266|000|26022024|26022024|14589.78|12064.59|1447.75|0.00|0.00|0.00|0.00|0.00|0.00|0.00|0|22244466000133|
|C170|1|PROD001|PECA MECANICA TIPO A|2.95|UN|271.73|5401|20|258.96|12.00|31.08|0.00|0.00|0.00|0.00|0.00|0.00|
|C170|2|PROD005|INSUMO INDUSTRIAL E|48.46|UN|827.21|5401|20|734.03|12.00|88.08|0.00|0.00|0.00|0.00|0.00|0.00|
|C170|3|PROD002|COMPONENTE ELETRICO B|19.98|UN|1417.44|5401|40|0.00|12.00|0.00|0.00|0.00|0.00|0.00|0.00|0.00|
|C170|4|PROD004|PRODUTO ACABADO D|9.65|UN|6573.41|5401|10|5807.70|12.00|696.92|0.00|0.00|0.00|0.00|0.00|0.00|
|C170|5|PROD007|PARTE SOBRESSALENTE G|43.41|UN|5499.99|5401|20|5263.90|12.00|631.67|0.00|0.00|0.00|0.00|0.00|0.00|
|C100|1|0|12345678000195|55|00|000000267|000|04022024|05022024|2372.26|220.20|26.42|0.00|0.00|0.00|0.00|0.00|0.00|0.00|0|55512312300010|
|C170|1|PROD006|EMBALAGEM PADRAO F|28.58|UN|230.61|5102|10|220.20|12.00|26.42|0.00|0.00|0.00|0.00|0.00|0.00|
|C170|2|PROD008|CONJUNTO MONTADO H|2.01|UN|2141.65|5102|40|0.00|12.00|0.00|0.00|0.00|0.00|0.00|0.00|0.00|
|C100|1|0|12345678000195|55|00|000000268|000|04022024|07022024|7454.37|6630.04|795.60|0.00|0.00|0.00|0.00|0.00|0.00|0.00|0|99900011000155|
|C170|1|PROD003|MATERIAL BRUTO C|28.31|UN|7454.37|5403|00|6630.04|12.00|795.60|0.00|0.00|0.00|0.00|0.00|0.00|
|C100|1|0|12345678000195|55|00|000000269|000|16022024|19022024|39615.73|30784.77|3694.17|0.00|0.00|0.00|0.00|0.00|0.00|0.00|0|33366699000100|
|C170|1|PROD008|CONJUNTO MONTADO H|6.93|UN|5636.86|6101|40|0.00|12.00|0.00|0.00|0.00|0.00|0.00|0.00|0.00|
|C170|2|PROD008|CONJUNTO MONTADO H|33.57|UN|33978.87|6101|90|30784.77|12.00|3694.17|0.00|0.00|0.00|0.00|0.00|0.00|
|C100|1|0|12345678000195|55|00|000000270|000|16022024|16022024|1591.97|58.06|6.97|0.00|0.00|0.00|0.00|0.00|0.00|0.00|0|33366699000100|
|C170|1|PROD005|INSUMO INDUSTRIAL E|2.95|UN|60.35|6102|10|58.06|12.00|6.97|0.00|0.00|0.00|0.00|0.00|0.00|
|C170|2|PROD001|PECA MECANICA TIPO A|20.14|UN|1531.62|6102|30|0.00|12.00|0.00|0.00|0.00|0.00|0.00|0.00|0.00|
|C100|1|0|12345678000195|55|00|000000271|000|04022024|06022024|50313.63|41461.09|4975.33|0.00|0.00|0.00|0.00|0.00|0.00|0.00|0|55512312300010|
|C170|1|PROD001|PECA MECANICA TIPO A|40.26|UN|2544.83|6101|20|2345.85|12.00|281.50|0.00|0.00|0.00|0.00|0.00|0.00|
|C170|2|PROD008|CONJUNTO MONTADO H|5.85|UN|5686.19|6101|40|0.00|12.00|0.00|0.00|0.00|0.00|0.00|0.00|0.00|
|C170|3|PROD002|COMPONENTE ELETRICO B|27.53|UN|2042.93|6101|00|1775.39|12.00|213.05|0.00|0.00|0.00|0.00|0.00|0.00|
|C170|4|PROD008|CONJUNTO MONTADO H|25.98|UN|33852.73|6101|00|31381.74|12.00|3765.81|0.00|0.00|0.00|0.00|0.00|0.00|
|C170|5|PROD007|PARTE SOBRESSALENTE G|49.38|UN|6186.95|6101|00|5958.11|12.00|714.97|0.00|0.00|0.00|0.00|0.00|0.00|
|C100|1|0|12345678000195|55|00|000000272|000|08022024|10022024|327.80|288.10|34.57|0.00|0.00|0.00|0.00|0.00|0.00|0.00|0|33366699000100|
|C170|1|PROD007|PARTE SOBRESSALENTE G|3.10|UN|327.80|5403|10|288.10|12.00|34.57|0.00|0.00|0.00|0.00|0.00|0.00|
|C100|1|0|12345678000195|55|00|000000273|000|13022024|16022024|2664.34|2195.99|263.52|0.00|0.00|0.00|0.00|0.00|0.00|0.00|0|33366699000100|
|C170|1|PROD006|EMBALAGEM PADRAO F|31.13|UN|327.80|6101|60|0.00|12.00|0.00|0.00|0.00|0.00|0.00|0.00|0.00|
|C170|2|PROD002|COMPONENTE ELETRICO B|32.66|UN|2336.54|6101|00|2195.99|12.00|263.52|0.00|0.00|0.00|0.00|0.00|0.00|
|C100|1|0|12345678000195|55|00|000000274|000|16022024|16022024|36427.26|30673.60|3680.83|0.00|0.00|0.00|0.00|0.00|0.00|0.00|0|33366699000100|
|C170|1|PROD001|PECA MECANICA TIPO A|32.43|UN|2460.39|5403|10|2262.76|12.00|271.53|0.00|0.00|0.00|0.00|0.00|0.00|
|C170|2|PROD001|PECA MECANICA TIPO A|40.53|UN|4628.98|5403|10|4306.31|12.00|516.76|0.00|0.00|0.00|0.00|0.00|0.00|
|C170|3|PROD001|PECA MECANICA TIPO A|17.03|UN|1218.62|5403|70|0.00|12.00|0.00|0.00|0.00|0.00|0.00|0.00|0.00|
|C170|4|PROD008|CONJUNTO MONTADO H|26.06|UN|25286.21|5403|51|24104.53|12.00|2892.54|0.00|0.00|0.00|0.00|0.00|0.00|
|C170|5|PROD002|COMPONENTE ELETRICO B|35.07|UN|2833.06|5403|40|0.00|12.00|0.00|0.00|0.00|0.00|0.00|0.00|0.00|
|C100|1|0|12345678000195|55|00|000000275|000|05022024|08022024|425.90|0.00|0.00|0.00|0.00|0.00|0.00|0.00|0.00|0.00|0|99900011000155|
|C170|1|PROD006|EMBALAGEM PADRAO F|48.79|UN|425.90|5401|40|0.00|12.00|0.00|0.00|0.00|0.00|0.00|0.00|0.00|
|C100|1|0|12345678000195|55|00|000000276|000|09022024|11022024|17248.66|360.83|43.30|0.00|0.00|0.00|0.00|0.00|0.00|0.00|0|55512312300010|
|C170|1|PROD005|INSUMO INDUSTRIAL E|16.88|UN|362.33|5401|00|360.83|12.00|43.30|0.00|0.00|0.00|0.00|0.00|0.00|
|C170|2|PROD002|COMPONENTE ELETRICO B|10.40|UN|503.57|5401|40|0.00|12.00|0.00|0.00|0.00|0.00|0.00|0.00|0.00|
|C170|3|PROD008|CONJUNTO MONTADO H|14.65|UN|16382.76|5401|40|0.00|12.00|0.00|0.00|0.00|0.00|0.00|0.00|0.00|
|C100|1|0|12345678000195|55|00|000000277|000|25022024|26022024|1512.42|1416.52|169.99|0.00|0.00|0.00|0.00|0.00|0.00|0.00|0|77788899000177|
|C170|1|PROD002|COMPONENTE ELETRICO B|28.09|UN|1158.79|6102|20|1075.38|12.00|129.05|0.00|0.00|0.00|0.00|0.00|0.00|
|C170|2|PROD006|EMBALAGEM PADRAO F|6.74|UN|67.83|6102|00|60.17|12.00|7.22|0.00|0.00|0.00|0.00|0.00|0.00|
|C170|3|PROD006|EMBALAGEM PADRAO F|30.31|UN|285.80|6102|10|280.97|12.00|33.72|0.00|0.00|0.00|0.00|0.00|0.00|
|C100|1|0|12345678000195|55|00|000000278|000|12022024|13022024|46352.67|26585.57|3190.27|0.00|0.00|0.00|0.00|0.00|0.00|0.00|0|22244466000133|
|C170|1|PROD006|EMBALAGEM PADRAO F|13.48|UN|74.15|5403|00|67.22|12.00|8.07|0.00|0.00|0.00|0.00|0.00|0.00|
|C170|2|PROD008|CONJUNTO MONTADO H|27.98|UN|27287.90|5403|00|26518.35|12.00|3182.20|0.00|0.00|0.00|0.00|0.00|0.00|
|C170|3|PROD004|PRODUTO ACABADO D|13.49|UN|9947.68|5403|70|0.00|12.00|0.00|0.00|0.00|0.00|0.00|0.00|0.00|
|C170|4|PROD003|MATERIAL BRUTO C|27.98|UN|9042.94|5403|30|0.00|12.00|0.00|0.00|0.00|0.00|0.00|0.00|0.00|
|C100|1|0|12345678000195|55|00|000000279|000|07022024|09022024|38825.55|24014.38|2881.73|0.00|0.00|0.00|0.00|0.00|0.00|0.00|0|22244466000133|
|C170|1|PROD006|EMBALAGEM PADRAO F|16.34|UN|97.74|5101|00|94.22|12.00|11.31|0.00|0.00|0.00|0.00|0.00|0.00|
|C170|2|PROD004|PRODUTO ACABADO D|49.72|UN|25836.89|5101|00|22377.83|12.00|2685.34|0.00|0.00|0.00|0.00|0.00|0.00|
|C170|3|PROD001|PECA MECANICA TIPO A|27.23|UN|1604.16|5101|00|1542.33|12.00|185.08|0.00|0.00|0.00|0.00|0.00|0.00|
|C170|4|PROD004|PRODUTO ACABADO D|21.74|UN|11286.76|5101|40|0.00|12.00|0.00|0.00|0.00|0.00|0.00|0.00|0.00|
|C100|1|0|12345678000195|55|00|000000280|000|01022024|01022024|3185.29|1114.35|133.72|0.00|0.00|0.00|0.00|0.00|0.00|0.00|0|55512312300010|
|C170|1|PROD006|EMBALAGEM PADRAO F|37.84|UN|434.72|5401|10|384.92|12.00|46.19|0.00|0.00|0.00|0.00|0.00|0.00|
|C170|2|PROD003|MATERIAL BRUTO C|2.12|UN|611.19|5401|41|0.00|12.00|0.00|0.00|0.00|0.00|0.00|0.00|0.00|
|C170|3|PROD002|COMPONENTE ELETRICO B|9.42|UN|783.27|5401|10|729.43|12.00|87.53|0.00|0.00|0.00|0.00|0.00|0.00|
|C170|4|PROD002|COMPONENTE ELETRICO B|1.85|UN|72.01|5401|40|0.00|12.00|0.00|0.00|0.00|0.00|0.00|0.00|0.00|
|C170|5|PROD005|INSUMO INDUSTRIAL E|31.09|UN|1284.10|5401|50|0.00|12.00|0.00|0.00|0.00|0.00|0.00|0.00|0.00|
|C100|1|0|12345678000195|55|00|000000281|000|04022024|05022024|4503.65|3945.33|473.44|0.00|0.00|0.00|0.00|0.00|0.00|0.00|0|55512312300010|
|C170|1|PROD002|COMPONENTE ELETRICO B|44.70|UN|3597.17|5403|00|3059.30|12.00|367.12|0.00|0.00|0.00|0.00|0.00|0.00|
|C170|2|PROD005|INSUMO INDUSTRIAL E|33.89|UN|906.48|5403|51|886.03|12.00|106.32|0.00|0.00|0.00|0.00|0.00|0.00|
|C100|1|0|12345678000195|55|00|000000282|000|07022024|08022024|13024.76|0.00|0.00|0.00|0.00|0.00|0.00|0.00|0.00|0.00|0|22244466000133|
|C170|1|PROD004|PRODUTO ACABADO D|22.76|UN|13024.76|5101|60|0.00|12.00|0.00|0.00|0.00|0.00|0.00|0.00|0.00|
|C100|1|0|12345678000195|55|00|000000283|000|25022024|28022024|26335.60|6744.02|809.28|0.00|0.00|0.00|0.00|0.00|0.00|0.00|0|99900011000155|
|C170|1|PROD007|PARTE SOBRESSALENTE G|17.77|UN|1451.26|5101|30|0.00|12.00|0.00|0.00|0.00|0.00|0.00|0.00|0.00|
|C170|2|PROD002|COMPONENTE ELETRICO B|20.01|UN|1086.78|5101|00|947.32|12.00|113.68|0.00|0.00|0.00|0.00|0.00|0.00|
|C170|3|PROD006|EMBALAGEM PADRAO F|4.79|UN|52.02|5101|40|0.00|12.00|0.00|0.00|0.00|0.00|0.00|0.00|0.00|
|C170|4|PROD004|PRODUTO ACABADO D|9.25|UN|6419.45|5101|00|5796.70|12.00|695.60|0.00|0.00|0.00|0.00|0.00|0.00|
|C170|5|PROD008|CONJUNTO MONTADO H|14.43|UN|17326.09|5101|60|0.00|12.00|0.00|0.00|0.00|0.00|0.00|0.00|0.00|
|C100|1|0|12345678000195|55|00|000000284|000|20022024|23022024|62235.55|50702.87|6084.35|0.00|0.00|0.00|0.00|0.00|0.00|0.00|0|22244466000133|
|C170|1|PROD002|COMPONENTE ELETRICO B|17.91|UN|912.72|5101|20|874.96|12.00|105.00|0.00|0.00|0.00|0.00|0.00|0.00|
|C170|2|PROD006|EMBALAGEM PADRAO F|45.55|UN|256.45|5101|00|226.77|12.00|27.21|0.00|0.00|0.00|0.00|0.00|0.00|
|C170|3|PROD004|PRODUTO ACABADO D|18.96|UN|18557.38|5101|20|16242.93|12.00|1949.15|0.00|0.00|0.00|0.00|0.00|0.00|
|C170|4|PROD007|PARTE SOBRESSALENTE G|42.83|UN|5636.30|5101|40|0.00|12.00|0.00|0.00|0.00|0.00|0.00|0.00|0.00|
|C170|5|PROD004|PRODUTO ACABADO D|40.70|UN|36872.70|5101|90|33358.21|12.00|4002.99|0.00|0.00|0.00|0.00|0.00|0.00|
|C100|1|0|12345678000195|55|00|000000285|000|03022024|04022024|63012.40|828.67|99.44|0.00|0.00|0.00|0.00|0.00|0.00|0.00|0|77788899000177|
|C170|1|PROD006|EMBALAGEM PADRAO F|15.36|UN|169.16|5101|00|167.03|12.00|20.04|0.00|0.00|0.00|0.00|0.00|0.00|
|C170|2|PROD001|PECA MECANICA TIPO A|12.22|UN|877.88|5101|30|0.00|12.00|0.00|0.00|0.00|0.00|0.00|0.00|0.00|
|C170|3|PROD001|PECA MECANICA TIPO A|12.36|UN|697.79|5101|00|661.64|12.00|79.40|0.00|0.00|0.00|0.00|0.00|0.00|
|C170|4|PROD008|CONJUNTO MONTADO H|39.43|UN|53926.65|5101|70|0.00|12.00|0.00|0.00|0.00|0.00|0.00|0.00|0.00|
|C170|5|PROD004|PRODUTO ACABADO D|9.62|UN|7340.92|5101|70|0.00|12.00|0.00|0.00|0.00|0.00|0.00|0.00|0.00|
|C100|1|0|12345678000195|55|00|000000286|000|08022024|08022024|5206.52|760.41|91.25|0.00|0.00|0.00|0.00|0.00|0.00|0.00|0|77788899000177|
|C170|1|PROD006|EMBALAGEM PADRAO F|7.08|UN|58.36|5102|41|0.00|12.00|0.00|0.00|0.00|0.00|0.00|0.00|0.00|
|C170|2|PROD001|PECA MECANICA TIPO A|36.44|UN|2211.36|5102|70|0.00|12.00|0.00|0.00|0.00|0.00|0.00|0.00|0.00|
|C170|3|PROD001|PECA MECANICA TIPO A|13.04|UN|659.80|5102|51|636.68|12.00|76.40|0.00|0.00|0.00|0.00|0.00|0.00|
|C170|4|PROD007|PARTE SOBRESSALENTE G|26.15|UN|2135.33|5102|30|0.00|12.00|0.00|0.00|0.00|0.00|0.00|0.00|0.00|
|C170|5|PROD002|COMPONENTE ELETRICO B|3.79|UN|141.67|5102|00|123.73|12.00|14.85|0.00|0.00|0.00|0.00|0.00|0.00|
|C100|1|0|12345678000195|55|00|000000287|000|08022024|10022024|23987.74|2665.23|319.83|0.00|0.00|0.00|0.00|0.00|0.00|0.00|0|77788899000177|
|C170|1|PROD004|PRODUTO ACABADO D|35.96|UN|20776.53|6101|40|0.00|12.00|0.00|0.00|0.00|0.00|0.00|0.00|0.00|
|C170|2|PROD004|PRODUTO ACABADO D|3.07|UN|2984.31|6101|00|2665.23|12.00|319.83|0.00|0.00|0.00|0.00|0.00|0.00|
|C170|3|PROD006|EMBALAGEM PADRAO F|26.92|UN|226.90|6101|41|0.00|12.00|0.00|0.00|0.00|0.00|0.00|0.00|0.00|
|C100|1|0|12345678000195|55|00|000000288|000|18022024|21022024|79200.00|7683.74|922.05|0.00|0.00|0.00|0.00|0.00|0.00|0.00|0|99900011000155|
|C170|1|PROD008|CONJUNTO MONTADO H|36.20|UN|44327.12|6101|41|0.00|12.00|0.00|0.00|0.00|0.00|0.00|0.00|0.00|
|C170|2|PROD008|CONJUNTO MONTADO H|26.65|UN|26260.11|6101|30|0.00|12.00|0.00|0.00|0.00|0.00|0.00|0.00|0.00|
|C170|3|PROD003|MATERIAL BRUTO C|25.49|UN|8174.45|6101|00|7683.74|12.00|922.05|0.00|0.00|0.00|0.00|0.00|0.00|
|C170|4|PROD005|INSUMO INDUSTRIAL E|19.01|UN|438.32|6101|40|0.00|12.00|0.00|0.00|0.00|0.00|0.00|0.00|0.00|
|C100|1|0|12345678000195|55|00|000000289|000|13022024|16022024|20387.57|981.80|117.82|0.00|0.00|0.00|0.00|0.00|0.00|0.00|0|22244466000133|
|C170|1|PROD001|PECA MECANICA TIPO A|11.56|UN|1205.56|5401|41|0.00|12.00|0.00|0.00|0.00|0.00|0.00|0.00|0.00|
|C170|2|PROD004|PRODUTO ACABADO D|23.05|UN|18055.25|5401|41|0.00|12.00|0.00|0.00|0.00|0.00|0.00|0.00|0.00|
|C170|3|PROD007|PARTE SOBRESSALENTE G|7.85|UN|1126.76|5401|10|981.80|12.00|117.82|0.00|0.00|0.00|0.00|0.00|0.00|
|C100|1|0|12345678000195|55|00|000000290|000|29022024|03032024|23615.73|19431.79|2331.81|0.00|0.00|0.00|0.00|0.00|0.00|0.00|0|77788899000177|
|C170|1|PROD004|PRODUTO ACABADO D|7.39|UN|7098.98|5401|00|6189.11|12.00|742.69|0.00|0.00|0.00|0.00|0.00|0.00|
|C170|2|PROD006|EMBALAGEM PADRAO F|32.36|UN|184.78|5401|10|166.78|12.00|20.01|0.00|0.00|0.00|0.00|0.00|0.00|
|C170|3|PROD003|MATERIAL BRUTO C|45.56|UN|15174.21|5401|51|13075.90|12.00|1569.11|0.00|0.00|0.00|0.00|0.00|0.00|
|C170|4|PROD002|COMPONENTE ELETRICO B|15.40|UN|1157.76|5401|40|0.00|12.00|0.00|0.00|0.00|0.00|0.00|0.00|0.00|
|C100|1|0|12345678000195|55|00|000000291|000|28022024|02032024|7089.74|718.47|86.22|0.00|0.00|0.00|0.00|0.00|0.00|0.00|0|55512312300010|
|C170|1|PROD003|MATERIAL BRUTO C|1.54|UN|331.84|5101|40|0.00|12.00|0.00|0.00|0.00|0.00|0.00|0.00|0.00|
|C170|2|PROD003|MATERIAL BRUTO C|28.52|UN|5959.69|5101|30|0.00|12.00|0.00|0.00|0.00|0.00|0.00|0.00|0.00|
|C170|3|PROD005|INSUMO INDUSTRIAL E|31.90|UN|798.21|5101|20|718.47|12.00|86.22|0.00|0.00|0.00|0.00|0.00|0.00|
|C100|1|0|12345678000195|55|00|000000292|000|15022024|17022024|2644.88|2283.86|274.07|0.00|0.00|0.00|0.00|0.00|0.00|0.00|0|99900011000155|
|C170|1|PROD003|MATERIAL BRUTO C|7.04|UN|1871.48|6101|20|1805.13|12.00|216.62|0.00|0.00|0.00|0.00|0.00|0.00|
|C170|2|PROD001|PECA MECANICA TIPO A|2.77|UN|289.81|6101|40|0.00|12.00|0.00|0.00|0.00|0.00|0.00|0.00|0.00|
|C170|3|PROD005|INSUMO INDUSTRIAL E|28.75|UN|483.59|6101|90|478.73|12.00|57.45|0.00|0.00|0.00|0.00|0.00|0.00|
|C100|1|0|12345678000195|55|00|000000293|000|11022024|14022024|4711.47|4287.28|514.47|0.00|0.00|0.00|0.00|0.00|0.00|0.00|0|22244466000133|
|C170|1|PROD002|COMPONENTE ELETRICO B|31.23|UN|1410.52|6102|00|1208.25|12.00|144.99|0.00|0.00|0.00|0.00|0.00|0.00|
|C170|2|PROD007|PARTE SOBRESSALENTE G|1.59|UN|144.48|6102|20|127.01|12.00|15.24|0.00|0.00|0.00|0.00|0.00|0.00|
|C170|3|PROD002|COMPONENTE ELETRICO B|40.17|UN|3156.47|6102|20|2952.02|12.00|354.24|0.00|0.00|0.00|0.00|0.00|0.00|
|C100|1|0|12345678000195|55|00|000000294|000|01022024|01022024|5174.49|5159.90|619.19|0.00|0.00|0.00|0.00|0.00|0.00|0.00|0|77788899000177|
|C170|1|PROD003|MATERIAL BRUTO C|24.65|UN|5174.49|5102|20|5159.90|12.00|619.19|0.00|0.00|0.00|0.00|0.00|0.00|
|C100|1|0|12345678000195|55|00|000000295|000|04022024|04022024|23359.91|9649.64|1157.95|0.00|0.00|0.00|0.00|0.00|0.00|0.00|0|22244466000133|
|C170|1|PROD007|PARTE SOBRESSALENTE G|23.98|UN|3752.88|6102|40|0.00|12.00|0.00|0.00|0.00|0.00|0.00|0.00|0.00|
|C170|2|PROD003|MATERIAL BRUTO C|27.85|UN|9334.65|6102|40|0.00|12.00|0.00|0.00|0.00|0.00|0.00|0.00|0.00|
|C170|3|PROD006|EMBALAGEM PADRAO F|31.95|UN|232.88|6102|00|221.77|12.00|26.61|0.00|0.00|0.00|0.00|0.00|0.00|
|C170|4|PROD003|MATERIAL BRUTO C|36.11|UN|10039.50|6102|00|9427.87|12.00|1131.34|0.00|0.00|0.00|0.00|0.00|0.00|
|C100|1|0|12345678000195|55|00|000000296|000|08022024|08022024|74144.39|27008.82|3241.06|0.00|0.00|0.00|0.00|0.00|0.00|0.00|0|77788899000177|
|C170|1|PROD003|MATERIAL BRUTO C|49.57|UN|10296.02|5403|40|0.00|12.00|0.00|0.00|0.00|0.00|0.00|0.00|0.00|
|C170|2|PROD008|CONJUNTO MONTADO H|40.28|UN|35462.26|5403|50|0.00|12.00|0.00|0.00|0.00|0.00|0.00|0.00|0.00|
|C170|3|PROD003|MATERIAL BRUTO C|28.20|UN|9210.79|5403|00|9150.24|12.00|1098.03|0.00|0.00|0.00|0.00|0.00|0.00|
|C170|4|PROD008|CONJUNTO MONTADO H|23.75|UN|19175.32|5403|00|17858.58|12.00|2143.03|0.00|0.00|0.00|0.00|0.00|0.00|
|C100|1|0|12345678000195|55|00|000000297|000|14022024|17022024|65437.33|2383.57|286.03|0.00|0.00|0.00|0.00|0.00|0.00|0.00|0|33366699000100|
|C170|1|PROD003|MATERIAL BRUTO C|4.25|UN|1050.13|5403|60|0.00|12.00|0.00|0.00|0.00|0.00|0.00|0.00|0.00|
|C170|2|PROD001|PECA MECANICA TIPO A|22.35|UN|2392.14|5403|00|2203.10|12.00|264.37|0.00|0.00|0.00|0.00|0.00|0.00|
|C170|3|PROD002|COMPONENTE ELETRICO B|2.50|UN|203.84|5403|00|180.47|12.00|21.66|0.00|0.00|0.00|0.00|0.00|0.00|
|C170|4|PROD004|PRODUTO ACABADO D|44.08|UN|32443.90|5403|70|0.00|12.00|0.00|0.00|0.00|0.00|0.00|0.00|0.00|
|C170|5|PROD008|CONJUNTO MONTADO H|29.83|UN|29347.32|5403|50|0.00|12.00|0.00|0.00|0.00|0.00|0.00|0.00|0.00|
|C100|1|0|12345678000195|55|00|000000298|000|08022024|09022024|980.45|728.66|87.44|0.00|0.00|0.00|0.00|0.00|0.00|0.00|0|33366699000100|
|C170|1|PROD005|INSUMO INDUSTRIAL E|42.81|UN|758.54|5401|00|728.66|12.00|87.44|0.00|0.00|0.00|0.00|0.00|0.00|
|C170|2|PROD005|INSUMO INDUSTRIAL E|8.35|UN|221.91|5401|60|0.00|12.00|0.00|0.00|0.00|0.00|0.00|0.00|0.00|
|C100|1|0|12345678000195|55|00|000000299|000|02022024|02022024|14714.61|9260.91|1111.31|0.00|0.00|0.00|0.00|0.00|0.00|0.00|0|77788899000177|
|C170|1|PROD001|PECA MECANICA TIPO A|42.34|UN|4128.09|5403|60|0.00|12.00|0.00|0.00|0.00|0.00|0.00|0.00|0.00|
|C170|2|PROD003|MATERIAL BRUTO C|35.30|UN|10586.52|5403|00|9260.91|12.00|1111.31|0.00|0.00|0.00|0.00|0.00|0.00|
|C100|1|0|12345678000195|55|00|000000300|000|11022024|11022024|50189.24|44452.47|5334.30|0.00|0.00|0.00|0.00|0.00|0.00|0.00|0|33366699000100|
|C170|1|PROD001|PECA MECANICA TIPO A|44.96|UN|4841.31|5101|20|4309.25|12.00|517.11|0.00|0.00|0.00|0.00|0.00|0.00|
|C170|2|PROD001|PECA MECANICA TIPO A|15.28|UN|1659.10|5101|00|1562.72|12.00|187.53|0.00|0.00|0.00|0.00|0.00|0.00|
|C170|3|PROD001|PECA MECANICA TIPO A|7.79|UN|641.75|5101|51|560.64|12.00|67.28|0.00|0.00|0.00|0.00|0.00|0.00|
|C170|4|PROD008|CONJUNTO MONTADO H|39.03|UN|41386.07|5101|20|36567.44|12.00|4388.09|0.00|0.00|0.00|0.00|0.00|0.00|
|C170|5|PROD007|PARTE SOBRESSALENTE G|14.90|UN|1661.01|5101|10|1452.42|12.00|174.29|0.00|0.00|0.00|0.00|0.00|0.00|
|C100|1|0|12345678000195|55|00|000000301|000|26022024|29022024|55209.91|12472.46|1496.70|0.00|0.00|0.00|0.00|0.00|0.00|0.00|0|22244466000133|
|C170|1|PROD003|MATERIAL BRUTO C|39.92|UN|13056.31|5401|40|0.00|12.00|0.00|0.00|0.00|0.00|0.00|0.00|0.00|
|C170|2|PROD006|EMBALAGEM PADRAO F|11.32|UN|93.14|5401|40|0.00|12.00|0.00|0.00|0.00|0.00|0.00|0.00|0.00|
|C170|3|PROD007|PARTE SOBRESSALENTE G|2.80|UN|237.41|5401|51|207.06|12.00|24.85|0.00|0.00|0.00|0.00|0.00|0.00|
|C170|4|PROD004|PRODUTO ACABADO D|49.91|UN|27977.73|5401|40|0.00|12.00|0.00|0.00|0.00|0.00|0.00|0.00|0.00|
|C170|5|PROD008|CONJUNTO MONTADO H|14.84|UN|13845.32|5401|10|12265.40|12.00|1471.85|0.00|0.00|0.00|0.00|0.00|0.00|
|C100|1|0|12345678000195|55|00|000000302|000|14022024|17022024|58233.18|13276.12|1593.14|0.00|0.00|0.00|0.00|0.00|0.00|0.00|0|22244466000133|
|C170|1|PROD006|EMBALAGEM PADRAO F|18.85|UN|145.87|5101|10|125.06|12.00|15.01|0.00|0.00|0.00|0.00|0.00|0.00|
|C170|2|PROD003|MATERIAL BRUTO C|42.22|UN|13531.60|5101|10|13151.06|12.00|1578.13|0.00|0.00|0.00|0.00|0.00|0.00|
|C170|3|PROD006|EMBALAGEM PADRAO F|23.71|UN|279.09|5101|41|0.00|12.00|0.00|0.00|0.00|0.00|0.00|0.00|0.00|
|C170|4|PROD008|CONJUNTO MONTADO H|43.27|UN|43903.31|5101|50|0.00|12.00|0.00|0.00|0.00|0.00|0.00|0.00|0.00|
|C170|5|PROD006|EMBALAGEM PADRAO F|37.52|UN|373.31|5101|40|0.00|12.00|0.00|0.00|0.00|0.00|0.00|0.00|0.00|
|C100|1|0|12345678000195|55|00|000000303|000|28022024|29022024|44678.52|33997.98|4079.76|0.00|0.00|0.00|0.00|0.00|0.00|0.00|0|99900011000155|
|C170|1|PROD008|CONJUNTO MONTADO H|24.86|UN|34598.86|5101|00|33997.98|12.00|4079.76|0.00|0.00|0.00|0.00|0.00|0.00|
|C170|2|PROD004|PRODUTO ACABADO D|12.76|UN|10079.66|5101|70|0.00|12.00|0.00|0.00|0.00|0.00|0.00|0.00|0.00|
|C100|1|0|12345678000195|55|00|000000304|000|24022024|25022024|4373.59|0.00|0.00|0.00|0.00|0.00|0.00|0.00|0.00|0.00|0|77788899000177|
|C170|1|PROD007|PARTE SOBRESSALENTE G|31.95|UN|4373.59|5403|50|0.00|12.00|0.00|0.00|0.00|0.00|0.00|0.00|0.00|
|C100|1|0|12345678000195|55|00|000000305|000|11022024|11022024|22728.65|3451.94|414.23|0.00|0.00|0.00|0.00|0.00|0.00|0.00|0|33366699000100|
|C170|1|PROD007|PARTE SOBRESSALENTE G|34.34|UN|5103.16|5101|40|0.00|12.00|0.00|0.00|0.00|0.00|0.00|0.00|0.00|
|C170|2|PROD008|CONJUNTO MONTADO H|14.40|UN|14017.14|5101|30|0.00|12.00|0.00|0.00|0.00|0.00|0.00|0.00|0.00|
|C170|3|PROD002|COMPONENTE ELETRICO B|29.93|UN|2423.46|5101|00|2339.75|12.00|280.77|0.00|0.00|0.00|0.00|0.00|0.00|
|C170|4|PROD002|COMPONENTE ELETRICO B|36.83|UN|1184.89|5101|90|1112.19|12.00|133.46|0.00|0.00|0.00|0.00|0.00|0.00|
|C100|1|0|12345678000195|55|00|000000306|000|18022024|21022024|47312.88|43458.89|5215.06|0.00|0.00|0.00|0.00|0.00|0.00|0.00|0|33366699000100|
|C170|1|PROD003|MATERIAL BRUTO C|39.80|UN|10792.96|5101|51|10678.09|12.00|1281.37|0.00|0.00|0.00|0.00|0.00|0.00|
|C170|2|PROD004|PRODUTO ACABADO D|45.79|UN|36276.09|5101|00|32549.70|12.00|3905.96|0.00|0.00|0.00|0.00|0.00|0.00|
|C170|3|PROD006|EMBALAGEM PADRAO F|29.95|UN|243.83|5101|10|231.10|12.00|27.73|0.00|0.00|0.00|0.00|0.00|0.00|
|C100|1|0|12345678000195|55|00|000000307|000|27022024|28022024|39383.52|23833.23|2859.99|0.00|0.00|0.00|0.00|0.00|0.00|0.00|0|55512312300010|
|C170|1|PROD003|MATERIAL BRUTO C|23.01|UN|5973.02|6102|20|5935.96|12.00|712.32|0.00|0.00|0.00|0.00|0.00|0.00|
|C170|2|PROD003|MATERIAL BRUTO C|40.32|UN|9718.41|6102|50|0.00|12.00|0.00|0.00|0.00|0.00|0.00|0.00|0.00|
|C170|3|PROD005|INSUMO INDUSTRIAL E|27.78|UN|729.25|6102|30|0.00|12.00|0.00|0.00|0.00|0.00|0.00|0.00|0.00|
|C170|4|PROD001|PECA MECANICA TIPO A|47.68|UN|5035.64|6102|40|0.00|12.00|0.00|0.00|0.00|0.00|0.00|0.00|0.00|
|C170|5|PROD008|CONJUNTO MONTADO H|16.00|UN|17927.20|6102|00|17897.27|12.00|2147.67|0.00|0.00|0.00|0.00|0.00|0.00|
|C100|1|0|12345678000195|55|00|000000308|000|18022024|20022024|31325.65|1062.12|127.45|0.00|0.00|0.00|0.00|0.00|0.00|0.00|0|77788899000177|
|C170|1|PROD008|CONJUNTO MONTADO H|36.56|UN|30128.00|5101|40|0.00|12.00|0.00|0.00|0.00|0.00|0.00|0.00|0.00|
|C170|2|PROD004|PRODUTO ACABADO D|1.70|UN|1197.65|5101|10|1062.12|12.00|127.45|0.00|0.00|0.00|0.00|0.00|0.00|
|C100|1|0|12345678000195|55|00|000000309|000|01022024|01022024|16687.54|14901.00|1788.12|0.00|0.00|0.00|0.00|0.00|0.00|0.00|0|22244466000133|
|C170|1|PROD002|COMPONENTE ELETRICO B|8.93|UN|477.36|5102|40|0.00|12.00|0.00|0.00|0.00|0.00|0.00|0.00|0.00|
|C170|2|PROD003|MATERIAL BRUTO C|18.71|UN|5889.16|5102|00|5887.29|12.00|706.47|0.00|0.00|0.00|0.00|0.00|0.00|
|C170|3|PROD003|MATERIAL BRUTO C|34.89|UN|10321.02|5102|00|9013.71|12.00|1081.65|0.00|0.00|0.00|0.00|0.00|0.00|
|C100|1|0|12345678000195|55|00|000000310|000|28022024|28022024|6210.64|5384.66|646.16|0.00|0.00|0.00|0.00|0.00|0.00|0.00|0|55512312300010|
|C170|1|PROD007|PARTE SOBRESSALENTE G|39.93|UN|6210.64|5102|90|5384.66|12.00|646.16|0.00|0.00|0.00|0.00|0.00|0.00|
|C100|1|0|12345678000195|55|00|000000311|000|11022024|11022024|45034.72|35790.23|4294.83|0.00|0.00|0.00|0.00|0.00|0.00|0.00|0|22244466000133|
|C170|1|PROD004|PRODUTO ACABADO D|39.66|UN|26555.42|6101|10|23326.15|12.00|2799.14|0.00|0.00|0.00|0.00|0.00|0.00|
|C170|2|PROD001|PECA MECANICA TIPO A|47.30|UN|4766.62|6101|60|0.00|12.00|0.00|0.00|0.00|0.00|0.00|0.00|0.00|
|C170|3|PROD006|EMBALAGEM PADRAO F|31.40|UN|370.17|6101|41|0.00|12.00|0.00|0.00|0.00|0.00|0.00|0.00|0.00|
|C170|4|PROD003|MATERIAL BRUTO C|49.61|UN|11130.40|6101|10|10332.50|12.00|1239.90|0.00|0.00|0.00|0.00|0.00|0.00|
|C170|5|PROD001|PECA MECANICA TIPO A|34.79|UN|2212.11|6101|90|2131.58|12.00|255.79|0.00|0.00|0.00|0.00|0.00|0.00|
|C100|1|0|12345678000195|55|00|000000312|000|01022024|03022024|7993.88|6582.11|789.86|0.00|0.00|0.00|0.00|0.00|0.00|0.00|0|33366699000100|
|C170|1|PROD001|PECA MECANICA TIPO A|10.32|UN|976.19|5403|41|0.00|12.00|0.00|0.00|0.00|0.00|0.00|0.00|0.00|
|C170|2|PROD005|INSUMO INDUSTRIAL E|37.64|UN|632.71|5403|90|559.32|12.00|67.12|0.00|0.00|0.00|0.00|0.00|0.00|
|C170|3|PROD007|PARTE SOBRESSALENTE G|33.19|UN|5079.68|5403|20|4905.07|12.00|588.61|0.00|0.00|0.00|0.00|0.00|0.00|
|C170|4|PROD002|COMPONENTE ELETRICO B|19.98|UN|1305.30|5403|00|1117.72|12.00|134.13|0.00|0.00|0.00|0.00|0.00|0.00|
|C100|1|0|12345678000195|55|00|000000313|000|07022024|07022024|13079.64|12138.60|1456.64|0.00|0.00|0.00|0.00|0.00|0.00|0.00|0|22244466000133|
|C170|1|PROD001|PECA MECANICA TIPO A|17.60|UN|1803.44|6101|00|1618.18|12.00|194.18|0.00|0.00|0.00|0.00|0.00|0.00|
|C170|2|PROD006|EMBALAGEM PADRAO F|23.71|UN|140.84|6101|00|130.71|12.00|15.69|0.00|0.00|0.00|0.00|0.00|0.00|
|C170|3|PROD003|MATERIAL BRUTO C|38.54|UN|11135.36|6101|20|10389.71|12.00|1246.77|0.00|0.00|0.00|0.00|0.00|0.00|
|C100|1|0|12345678000195|55|00|000000314|000|24022024|26022024|12747.23|6939.18|832.71|0.00|0.00|0.00|0.00|0.00|0.00|0.00|0|99900011000155|
|C170|1|PROD007|PARTE SOBRESSALENTE G|21.86|UN|1816.67|5101|00|1800.06|12.00|216.01|0.00|0.00|0.00|0.00|0.00|0.00|
|C170|2|PROD007|PARTE SOBRESSALENTE G|33.58|UN|5367.80|5101|40|0.00|12.00|0.00|0.00|0.00|0.00|0.00|0.00|0.00|
|C170|3|PROD006|EMBALAGEM PADRAO F|40.97|UN|491.22|5101|00|480.15|12.00|57.62|0.00|0.00|0.00|0.00|0.00|0.00|
|C170|4|PROD002|COMPONENTE ELETRICO B|49.08|UN|4104.89|5101|10|3795.97|12.00|455.52|0.00|0.00|0.00|0.00|0.00|0.00|
|C170|5|PROD005|INSUMO INDUSTRIAL E|37.19|UN|966.65|5101|00|863.00|12.00|103.56|0.00|0.00|0.00|0.00|0.00|0.00|
|C100|1|0|12345678000195|55|00|000000315|000|23022024|23022024|19425.99|16437.94|1972.56|0.00|0.00|0.00|0.00|0.00|0.00|0.00|0|77788899000177|
|C170|1|PROD005|INSUMO INDUSTRIAL E|17.36|UN|676.67|5102|00|596.72|12.00|71.61|0.00|0.00|0.00|0.00|0.00|0.00|
|C170|2|PROD007|PARTE SOBRESSALENTE G|40.22|UN|3962.28|5102|00|3868.06|12.00|464.17|0.00|0.00|0.00|0.00|0.00|0.00|
|C170|3|PROD003|MATERIAL BRUTO C|27.96|UN|7862.35|5102|51|7640.13|12.00|916.82|0.00|0.00|0.00|0.00|0.00|0.00|
|C170|4|PROD001|PECA MECANICA TIPO A|27.90|UN|2522.54|5102|40|0.00|12.00|0.00|0.00|0.00|0.00|0.00|0.00|0.00|
|C170|5|PROD003|MATERIAL BRUTO C|15.56|UN|4402.15|5102|00|4333.03|12.00|519.96|0.00|0.00|0.00|0.00|0.00|0.00|
|C100|1|0|12345678000195|55|00|000000316|000|10022024|13022024|16772.47|12617.70|1514.12|0.00|0.00|0.00|0.00|0.00|0.00|0.00|0|55512312300010|
|C170|1|PROD003|MATERIAL BRUTO C|47.50|UN|13691.88|5101|00|12617.70|12.00|1514.12|0.00|0.00|0.00|0.00|0.00|0.00|
|C170|2|PROD001|PECA MECANICA TIPO A|23.99|UN|1806.12|5101|30|0.00|12.00|0.00|0.00|0.00|0.00|0.00|0.00|0.00|
|C170|3|PROD001|PECA MECANICA TIPO A|13.95|UN|1274.47|5101|40|0.00|12.00|0.00|0.00|0.00|0.00|0.00|0.00|0.00|
|C100|1|0|12345678000195|55|00|000000317|000|03022024|05022024|1108.12|361.46|43.38|0.00|0.00|0.00|0.00|0.00|0.00|0.00|0|77788899000177|
|C170|1|PROD006|EMBALAGEM PADRAO F|43.47|UN|409.47|5102|00|361.46|12.00|43.38|0.00|0.00|0.00|0.00|0.00|0.00|
|C170|2|PROD005|INSUMO INDUSTRIAL E|35.70|UN|698.65|5102|70|0.00|12.00|0.00|0.00|0.00|0.00|0.00|0.00|0.00|
|C100|1|0|12345678000195|55|00|000000318|000|08022024|11022024|37816.13|650.10|78.01|0.00|0.00|0.00|0.00|0.00|0.00|0.00|0|99900011000155|
|C170|1|PROD008|CONJUNTO MONTADO H|12.66|UN|12668.25|5101|40|0.00|12.00|0.00|0.00|0.00|0.00|0.00|0.00|0.00|
|C170|2|PROD005|INSUMO INDUSTRIAL E|20.03|UN|746.87|5101|00|650.10|12.00|78.01|0.00|0.00|0.00|0.00|0.00|0.00|
|C170|3|PROD006|EMBALAGEM PADRAO F|48.71|UN|383.85|5101|40|0.00|12.00|0.00|0.00|0.00|0.00|0.00|0.00|0.00|
|C170|4|PROD007|PARTE SOBRESSALENTE G|14.20|UN|1836.07|5101|60|0.00|12.00|0.00|0.00|0.00|0.00|0.00|0.00|0.00|
|C170|5|PROD004|PRODUTO ACABADO D|35.64|UN|22181.09|5101|40|0.00|12.00|0.00|0.00|0.00|0.00|0.00|0.00|0.00|
|C100|1|0|12345678000195|55|00|000000319|000|04022024|07022024|639.18|0.00|0.00|0.00|0.00|0.00|0.00|0.00|0.00|0.00|0|55512312300010|
|C170|1|PROD006|EMBALAGEM PADRAO F|29.25|UN|313.02|6101|40|0.00|12.00|0.00|0.00|0.00|0.00|0.00|0.00|0.00|
|C170|2|PROD006|EMBALAGEM PADRAO F|48.39|UN|326.16|6101|40|0.00|12.00|0.00|0.00|0.00|0.00|0.00|0.00|0.00|
|C100|1|0|12345678000195|55|00|000000320|000|08022024|08022024|49.07|0.00|0.00|0.00|0.00|0.00|0.00|0.00|0.00|0.00|0|77788899000177|
|C170|1|PROD006|EMBALAGEM PADRAO F|7.51|UN|49.07|6102|70|0.00|12.00|0.00|0.00|0.00|0.00|0.00|0.00|0.00|
|C100|1|0|12345678000195|55|00|000000321|000|01022024|02022024|148.25|129.22|15.51|0.00|0.00|0.00|0.00|0.00|0.00|0.00|0|99900011000155|
|C170|1|PROD007|PARTE SOBRESSALENTE G|1.67|UN|148.25|6102|00|129.22|12.00|15.51|0.00|0.00|0.00|0.00|0.00|0.00|
|C100|1|0|12345678000195|55|00|000000322|000|28022024|01032024|28927.76|25591.35|3070.97|0.00|0.00|0.00|0.00|0.00|0.00|0.00|0|55512312300010|
|C170|1|PROD004|PRODUTO ACABADO D|43.03|UN|24528.82|5401|10|21541.21|12.00|2584.95|0.00|0.00|0.00|0.00|0.00|0.00|
|C170|2|PROD005|INSUMO INDUSTRIAL E|33.63|UN|1363.91|5401|00|1259.35|12.00|151.12|0.00|0.00|0.00|0.00|0.00|0.00|
|C170|3|PROD003|MATERIAL BRUTO C|14.42|UN|2990.05|5401|00|2749.46|12.00|329.94|0.00|0.00|0.00|0.00|0.00|0.00|
|C170|4|PROD006|EMBALAGEM PADRAO F|4.01|UN|44.98|5401|00|41.33|12.00|4.96|0.00|0.00|0.00|0.00|0.00|0.00|
|C100|1|0|12345678000195|55|00|000000323|000|07022024|10022024|26737.26|17615.23|2113.83|0.00|0.00|0.00|0.00|0.00|0.00|0.00|0|33366699000100|
|C170|1|PROD002|COMPONENTE ELETRICO B|1.68|UN|122.63|5101|30|0.00|12.00|0.00|0.00|0.00|0.00|0.00|0.00|0.00|
|C170|2|PROD003|MATERIAL BRUTO C|29.74|UN|7499.33|5101|40|0.00|12.00|0.00|0.00|0.00|0.00|0.00|0.00|0.00|
|C170|3|PROD004|PRODUTO ACABADO D|23.02|UN|19115.30|5101|00|17615.23|12.00|2113.83|0.00|0.00|0.00|0.00|0.00|0.00|
|C100|1|0|12345678000195|55|00|000000324|000|09022024|10022024|33627.25|33361.72|4003.41|0.00|0.00|0.00|0.00|0.00|0.00|0.00|0|22244466000133|
|C170|1|PROD004|PRODUTO ACABADO D|39.27|UN|31796.50|5403|10|31732.08|12.00|3807.85|0.00|0.00|0.00|0.00|0.00|0.00|
|C170|2|PROD002|COMPONENTE ELETRICO B|28.04|UN|1830.75|5403|00|1629.64|12.00|195.56|0.00|0.00|0.00|0.00|0.00|0.00|
|C100|1|0|12345678000195|55|00|000000325|000|17022024|19022024|10639.26|0.00|0.00|0.00|0.00|0.00|0.00|0.00|0.00|0.00|0|33366699000100|
|C170|1|PROD003|MATERIAL BRUTO C|33.26|UN|10639.26|6102|40|0.00|12.00|0.00|0.00|0.00|0.00|0.00|0.00|0.00|
|C100|1|0|12345678000195|55|00|000000326|000|03022024|03022024|53392.72|0.00|0.00|0.00|0.00|0.00|0.00|0.00|0.00|0.00|0|55512312300010|
|C170|1|PROD003|MATERIAL BRUTO C|46.64|UN|15314.66|5102|40|0.00|12.00|0.00|0.00|0.00|0.00|0.00|0.00|0.00|
|C170|2|PROD002|COMPONENTE ELETRICO B|46.30|UN|3736.17|5102|40|0.00|12.00|0.00|0.00|0.00|0.00|0.00|0.00|0.00|
|C170|3|PROD008|CONJUNTO MONTADO H|48.90|UN|34341.89|5102|70|0.00|12.00|0.00|0.00|0.00|0.00|0.00|0.00|0.00|
|C100|1|0|12345678000195|55|00|000000327|000|25022024|28022024|7882.60|5513.73|661.65|0.00|0.00|0.00|0.00|0.00|0.00|0.00|0|33366699000100|
|C170|1|PROD001|PECA MECANICA TIPO A|16.01|UN|1656.98|6101|00|1608.41|12.00|193.01|0.00|0.00|0.00|0.00|0.00|0.00|
|C170|2|PROD002|COMPONENTE ELETRICO B|29.72|UN|1919.81|6101|40|0.00|12.00|0.00|0.00|0.00|0.00|0.00|0.00|0.00|
|C170|3|PROD001|PECA MECANICA TIPO A|48.07|UN|4305.81|6101|10|3905.32|12.00|468.64|0.00|0.00|0.00|0.00|0.00|0.00|
|C100|1|0|12345678000195|55|00|000000328|000|07022024|08022024|2601.31|0.00|0.00|0.00|0.00|0.00|0.00|0.00|0.00|0.00|0|99900011000155|
|C170|1|PROD007|PARTE SOBRESSALENTE G|18.49|UN|2601.31|5401|30|0.00|12.00|0.00|0.00|0.00|0.00|0.00|0.00|0.00|
|C100|1|0|12345678000195|55|00|000000329|000|08022024|11022024|68.25|66.88|8.03|0.00|0.00|0.00|0.00|0.00|0.00|0.00|0|22244466000133|
|C170|1|PROD006|EMBALAGEM PADRAO F|6.06|UN|68.25|6101|00|66.88|12.00|8.03|0.00|0.00|0.00|0.00|0.00|0.00|
|C100|1|0|12345678000195|55|00|000000330|000|15022024|18022024|4375.71|0.00|0.00|0.00|0.00|0.00|0.00|0.00|0.00|0.00|0|77788899000177|
|C170|1|PROD001|PECA MECANICA TIPO A|49.50|UN|4375.71|6101|40|0.00|12.00|0.00|0.00|0.00|0.00|0.00|0.00|0.00|
|C100|1|0|12345678000195|55|00|000000331|000|24022024|25022024|41119.63|37007.28|4440.87|0.00|0.00|0.00|0.00|0.00|0.00|0.00|0|77788899000177|
|C170|1|PROD001|PECA MECANICA TIPO A|21.05|UN|2512.92|5102|40|0.00|12.00|0.00|0.00|0.00|0.00|0.00|0.00|0.00|
|C170|2|PROD003|MATERIAL BRUTO C|44.60|UN|14895.06|5102|00|14724.29|12.00|1766.91|0.00|0.00|0.00|0.00|0.00|0.00|
|C170|3|PROD008|CONJUNTO MONTADO H|30.98|UN|23711.65|5102|00|22282.99|12.00|2673.96|0.00|0.00|0.00|0.00|0.00|0.00|
|C100|1|0|12345678000195|55|00|000000332|000|02022024|05022024|479.96|388.84|46.66|0.00|0.00|0.00|0.00|0.00|0.00|0.00|0|77788899000177|
|C170|1|PROD005|INSUMO INDUSTRIAL E|1.31|UN|49.48|6102|50|0.00|12.00|0.00|0.00|0.00|0.00|0.00|0.00|0.00|
|C170|2|PROD006|EMBALAGEM PADRAO F|11.60|UN|91.42|6102|10|78.92|12.00|9.47|0.00|0.00|0.00|0.00|0.00|0.00|
|C170|3|PROD006|EMBALAGEM PADRAO F|29.56|UN|339.06|6102|00|309.92|12.00|37.19|0.00|0.00|0.00|0.00|0.00|0.00|
|C100|1|0|12345678000195|55|00|000000333|000|12022024|15022024|2517.43|1431.29|171.75|0.00|0.00|0.00|0.00|0.00|0.00|0.00|0|33366699000100|
|C170|1|PROD001|PECA MECANICA TIPO A|31.73|UN|1634.25|6101|00|1431.29|12.00|171.75|0.00|0.00|0.00|0.00|0.00|0.00|
|C170|2|PROD001|PECA MECANICA TIPO A|8.69|UN|883.18|6101|40|0.00|12.00|0.00|0.00|0.00|0.00|0.00|0.00|0.00|
|C100|1|0|12345678000195|55|00|000000334|000|27022024|28022024|9501.43|6464.10|775.69|0.00|0.00|0.00|0.00|0.00|0.00|0.00|0|77788899000177|
|C170|1|PROD003|MATERIAL BRUTO C|23.02|UN|6741.43|5102|00|6464.10|12.00|775.69|0.00|0.00|0.00|0.00|0.00|0.00|
|C170|2|PROD001|PECA MECANICA TIPO A|36.48|UN|2760.00|5102|41|0.00|12.00|0.00|0.00|0.00|0.00|0.00|0.00|0.00|
|C100|1|0|12345678000195|55|00|000000335|000|27022024|01032024|969.54|829.22|99.51|0.00|0.00|0.00|0.00|0.00|0.00|0.00|0|33366699000100|
|C170|1|PROD007|PARTE SOBRESSALENTE G|8.79|UN|969.54|5102|00|829.22|12.00|99.51|0.00|0.00|0.00|0.00|0.00|0.00|
|C100|1|0|12345678000195|55|00|000000336|000|22022024|25022024|1050.10|928.70|111.44|0.00|0.00|0.00|0.00|0.00|0.00|0.00|0|77788899000177|
|C170|1|PROD007|PARTE SOBRESSALENTE G|11.38|UN|1050.10|5101|00|928.70|12.00|111.44|0.00|0.00|0.00|0.00|0.00|0.00|
|C100|1|0|12345678000195|55|00|000000337|000|09022024|11022024|4379.54|3909.59|469.15|0.00|0.00|0.00|0.00|0.00|0.00|0.00|0|77788899000177|
|C170|1|PROD007|PARTE SOBRESSALENTE G|33.37|UN|3244.75|5403|20|2841.82|12.00|341.02|0.00|0.00|0.00|0.00|0.00|0.00|
|C170|2|PROD005|INSUMO INDUSTRIAL E|42.00|UN|1134.79|5403|10|1067.77|12.00|128.13|0.00|0.00|0.00|0.00|0.00|0.00|
|C100|1|0|12345678000195|55|00|000000338|000|07022024|10022024|30964.32|4127.59|495.32|0.00|0.00|0.00|0.00|0.00|0.00|0.00|0|55512312300010|
|C170|1|PROD007|PARTE SOBRESSALENTE G|40.03|UN|3608.57|5401|00|3466.21|12.00|415.95|0.00|0.00|0.00|0.00|0.00|0.00|
|C170|2|PROD004|PRODUTO ACABADO D|27.14|UN|24740.13|5401|40|0.00|12.00|0.00|0.00|0.00|0.00|0.00|0.00|0.00|
|C170|3|PROD001|PECA MECANICA TIPO A|20.34|UN|1941.68|5401|40|0.00|12.00|0.00|0.00|0.00|0.00|0.00|0.00|0.00|
|C170|4|PROD005|INSUMO INDUSTRIAL E|41.02|UN|673.94|5401|00|661.38|12.00|79.37|0.00|0.00|0.00|0.00|0.00|0.00|
|C100|1|0|12345678000195|55|00|000000339|000|08022024|08022024|3489.88|2449.79|293.97|0.00|0.00|0.00|0.00|0.00|0.00|0.00|0|77788899000177|
|C170|1|PROD005|INSUMO INDUSTRIAL E|5.58|UN|123.11|6101|30|0.00|12.00|0.00|0.00|0.00|0.00|0.00|0.00|0.00|
|C170|2|PROD001|PECA MECANICA TIPO A|41.58|UN|2206.91|6101|20|2153.25|12.00|258.39|0.00|0.00|0.00|0.00|0.00|0.00|
|C170|3|PROD005|INSUMO INDUSTRIAL E|7.85|UN|285.05|6101|40|0.00|12.00|0.00|0.00|0.00|0.00|0.00|0.00|0.00|
|C170|4|PROD001|PECA MECANICA TIPO A|5.38|UN|324.68|6101|20|296.54|12.00|35.58|0.00|0.00|0.00|0.00|0.00|0.00|
|C170|5|PROD005|INSUMO INDUSTRIAL E|32.06|UN|550.13|6101|41|0.00|12.00|0.00|0.00|0.00|0.00|0.00|0.00|0.00|
|C100|1|0|12345678000195|55|00|000000340|000|06022024|08022024|81.24|0.00|0.00|0.00|0.00|0.00|0.00|0.00|0.00|0.00|0|22244466000133|
|C170|1|PROD001|PECA MECANICA TIPO A|1.56|UN|81.24|5401|40|0.00|12.00|0.00|0.00|0.00|0.00|0.00|0.00|0.00|
|C100|1|0|12345678000195|55|00|000000341|000|28022024|28022024|626.60|358.05|42.96|0.00|0.00|0.00|0.00|0.00|0.00|0.00|0|55512312300010|
|C170|1|PROD002|COMPONENTE ELETRICO B|4.97|UN|337.30|5101|20|327.45|12.00|39.29|0.00|0.00|0.00|0.00|0.00|0.00|
|C170|2|PROD006|EMBALAGEM PADRAO F|22.51|UN|253.46|5101|40|0.00|12.00|0.00|0.00|0.00|0.00|0.00|0.00|0.00|
|C170|3|PROD006|EMBALAGEM PADRAO F|3.81|UN|35.84|5101|90|30.60|12.00|3.67|0.00|0.00|0.00|0.00|0.00|0.00|
|C100|1|0|12345678000195|55|00|000000342|000|12022024|14022024|2651.67|2317.27|278.07|0.00|0.00|0.00|0.00|0.00|0.00|0.00|0|77788899000177|
|C170|1|PROD007|PARTE SOBRESSALENTE G|25.70|UN|2651.67|5403|00|2317.27|12.00|278.07|0.00|0.00|0.00|0.00|0.00|0.00|
|C100|1|0|12345678000195|55|00|000000343|000|27022024|28022024|4763.97|3508.92|421.07|0.00|0.00|0.00|0.00|0.00|0.00|0.00|0|99900011000155|
|C170|1|PROD005|INSUMO INDUSTRIAL E|41.39|UN|943.76|6101|40|0.00|12.00|0.00|0.00|0.00|0.00|0.00|0.00|0.00|
|C170|2|PROD003|MATERIAL BRUTO C|3.08|UN|791.57|6101|00|724.45|12.00|86.93|0.00|0.00|0.00|0.00|0.00|0.00|
|C170|3|PROD005|INSUMO INDUSTRIAL E|2.29|UN|71.28|6101|00|63.38|12.00|7.61|0.00|0.00|0.00|0.00|0.00|0.00|
|C170|4|PROD007|PARTE SOBRESSALENTE G|13.04|UN|1402.96|6101|10|1268.58|12.00|152.23|0.00|0.00|0.00|0.00|0.00|0.00|
|C170|5|PROD002|COMPONENTE ELETRICO B|26.28|UN|1554.40|6101|20|1452.51|12.00|174.30|0.00|0.00|0.00|0.00|0.00|0.00|
|C100|1|0|12345678000195|55|00|000000344|000|14022024|15022024|21957.45|7908.26|948.99|0.00|0.00|0.00|0.00|0.00|0.00|0.00|0|77788899000177|
|C170|1|PROD002|COMPONENTE ELETRICO B|39.47|UN|1998.86|5401|00|1913.20|12.00|229.58|0.00|0.00|0.00|0.00|0.00|0.00|
|C170|2|PROD003|MATERIAL BRUTO C|31.63|UN|6576.94|5401|00|5995.06|12.00|719.41|0.00|0.00|0.00|0.00|0.00|0.00|
|C170|3|PROD006|EMBALAGEM PADRAO F|42.95|UN|382.64|5401|40|0.00|12.00|0.00|0.00|0.00|0.00|0.00|0.00|0.00|
|C170|4|PROD003|MATERIAL BRUTO C|39.54|UN|8008.83|5401|40|0.00|12.00|0.00|0.00|0.00|0.00|0.00|0.00|0.00|
|C170|5|PROD007|PARTE SOBRESSALENTE G|32.18|UN|4990.18|5401|60|0.00|12.00|0.00|0.00|0.00|0.00|0.00|0.00|0.00|
|C100|1|0|12345678000195|55|00|000000345|000|05022024|05022024|63761.80|53561.37|6427.36|0.00|0.00|0.00|0.00|0.00|0.00|0.00|0|77788899000177|
|C170|1|PROD007|PARTE SOBRESSALENTE G|13.39|UN|1637.22|5101|60|0.00|12.00|0.00|0.00|0.00|0.00|0.00|0.00|0.00|
|C170|2|PROD008|CONJUNTO MONTADO H|45.85|UN|55793.51|5101|00|53561.37|12.00|6427.36|0.00|0.00|0.00|0.00|0.00|0.00|
|C170|3|PROD007|PARTE SOBRESSALENTE G|48.15|UN|6331.07|5101|30|0.00|12.00|0.00|0.00|0.00|0.00|0.00|0.00|0.00|
|C100|1|0|12345678000195|55|00|000000346|000|16022024|17022024|14843.71|12462.86|1495.54|0.00|0.00|0.00|0.00|0.00|0.00|0.00|0|22244466000133|
|C170|1|PROD004|PRODUTO ACABADO D|26.89|UN|14272.15|6101|00|12462.86|12.00|1495.54|0.00|0.00|0.00|0.00|0.00|0.00|
|C170|2|PROD007|PARTE SOBRESSALENTE G|4.21|UN|571.56|6101|40|0.00|12.00|0.00|0.00|0.00|0.00|0.00|0.00|0.00|
|C100|1|0|12345678000195|55|00|000000347|000|24022024|25022024|19694.29|19066.34|2287.97|0.00|0.00|0.00|0.00|0.00|0.00|0.00|0|33366699000100|
|C170|1|PROD006|EMBALAGEM PADRAO F|44.09|UN|454.16|6101|00|435.24|12.00|52.23|0.00|0.00|0.00|0.00|0.00|0.00|
|C170|2|PROD006|EMBALAGEM PADRAO F|42.41|UN|340.10|6101|00|338.10|12.00|40.57|0.00|0.00|0.00|0.00|0.00|0.00|
|C170|3|PROD003|MATERIAL BRUTO C|13.34|UN|3592.60|6101|00|3263.98|12.00|391.68|0.00|0.00|0.00|0.00|0.00|0.00|
|C170|4|PROD003|MATERIAL BRUTO C|47.33|UN|13949.16|6101|00|13836.47|12.00|1660.38|0.00|0.00|0.00|0.00|0.00|0.00|
|C170|5|PROD001|PECA MECANICA TIPO A|19.31|UN|1358.27|6101|51|1192.55|12.00|143.11|0.00|0.00|0.00|0.00|0.00|0.00|
|C100|1|0|12345678000195|55|00|000000348|000|24022024|26022024|75837.60|1471.48|176.58|0.00|0.00|0.00|0.00|0.00|0.00|0.00|0|77788899000177|
|C170|1|PROD006|EMBALAGEM PADRAO F|5.15|UN|39.32|5401|20|35.07|12.00|4.21|0.00|0.00|0.00|0.00|0.00|0.00|
|C170|2|PROD003|MATERIAL BRUTO C|15.24|UN|4363.84|5401|50|0.00|12.00|0.00|0.00|0.00|0.00|0.00|0.00|0.00|
|C170|3|PROD008|CONJUNTO MONTADO H|25.76|UN|34581.04|5401|41|0.00|12.00|0.00|0.00|0.00|0.00|0.00|0.00|0.00|
|C170|4|PROD008|CONJUNTO MONTADO H|36.81|UN|35256.91|5401|40|0.00|12.00|0.00|0.00|0.00|0.00|0.00|0.00|0.00|
|C170|5|PROD001|PECA MECANICA TIPO A|25.55|UN|1596.49|5401|90|1436.41|12.00|172.37|0.00|0.00|0.00|0.00|0.00|0.00|
|C100|1|0|12345678000195|55|00|000000349|000|15022024|15022024|3953.74|113.44|13.61|0.00|0.00|0.00|0.00|0.00|0.00|0.00|0|77788899000177|
|C170|1|PROD001|PECA MECANICA TIPO A|42.80|UN|2855.28|6102|60|0.00|12.00|0.00|0.00|0.00|0.00|0.00|0.00|0.00|
|C170|2|PROD006|EMBALAGEM PADRAO F|11.24|UN|116.43|6102|10|113.44|12.00|13.61|0.00|0.00|0.00|0.00|0.00|0.00|
|C170|3|PROD001|PECA MECANICA TIPO A|13.63|UN|982.03|6102|40|0.00|12.00|0.00|0.00|0.00|0.00|0.00|0.00|0.00|
|C100|1|0|12345678000195|55|00|000000350|000|24022024|25022024|2933.93|2880.50|345.66|0.00|0.00|0.00|0.00|0.00|0.00|0.00|0|22244466000133|
|C170|1|PROD001|PECA MECANICA TIPO A|35.85|UN|2933.93|5102|20|2880.50|12.00|345.66|0.00|0.00|0.00|0.00|0.00|0.00|
|C100|1|0|12345678000195|55|00|000000351|000|18022024|18022024|4591.48|4105.44|492.66|0.00|0.00|0.00|0.00|0.00|0.00|0.00|0|55512312300010|
|C170|1|PROD002|COMPONENTE ELETRICO B|34.26|UN|1955.90|6101|00|1851.46|12.00|222.18|0.00|0.00|0.00|0.00|0.00|0.00|
|C170|2|PROD001|PECA MECANICA TIPO A|49.97|UN|2635.58|6101|20|2253.98|12.00|270.48|0.00|0.00|0.00|0.00|0.00|0.00|
|C100|1|0|12345678000195|55|00|000000352|000|03022024|06022024|19512.38|10949.75|1313.96|0.00|0.00|0.00|0.00|0.00|0.00|0.00|0|55512312300010|
|C170|1|PROD001|PECA MECANICA TIPO A|36.29|UN|3147.05|5401|00|3105.28|12.00|372.63|0.00|0.00|0.00|0.00|0.00|0.00|
|C170|2|PROD008|CONJUNTO MONTADO H|11.23|UN|8067.00|5401|50|0.00|12.00|0.00|0.00|0.00|0.00|0.00|0.00|0.00|
|C170|3|PROD007|PARTE SOBRESSALENTE G|29.72|UN|3172.99|5401|20|2958.69|12.00|355.04|0.00|0.00|0.00|0.00|0.00|0.00|
|C170|4|PROD007|PARTE SOBRESSALENTE G|42.04|UN|5125.34|5401|00|4885.78|12.00|586.29|0.00|0.00|0.00|0.00|0.00|0.00|
|C100|1|0|12345678000195|55|00|000000353|000|16022024|19022024|31541.12|22280.05|2673.61|0.00|0.00|0.00|0.00|0.00|0.00|0.00|0|33366699000100|
|C170|1|PROD007|PARTE SOBRESSALENTE G|45.49|UN|6974.83|5401|60|0.00|12.00|0.00|0.00|0.00|0.00|0.00|0.00|0.00|
|C170|2|PROD005|INSUMO INDUSTRIAL E|34.33|UN|878.06|5401|40|0.00|12.00|0.00|0.00|0.00|0.00|0.00|0.00|0.00|
|C170|3|PROD008|CONJUNTO MONTADO H|17.94|UN|23688.23|5401|00|22280.05|12.00|2673.61|0.00|0.00|0.00|0.00|0.00|0.00|
|C100|1|0|12345678000195|55|00|000000354|000|28022024|01032024|6586.94|3909.71|469.17|0.00|0.00|0.00|0.00|0.00|0.00|0.00|0|55512312300010|
|C170|1|PROD003|MATERIAL BRUTO C|7.83|UN|2735.15|5101|00|2659.23|12.00|319.11|0.00|0.00|0.00|0.00|0.00|0.00|
|C170|2|PROD002|COMPONENTE ELETRICO B|8.73|UN|365.27|5101|40|0.00|12.00|0.00|0.00|0.00|0.00|0.00|0.00|0.00|
|C170|3|PROD005|INSUMO INDUSTRIAL E|8.25|UN|177.12|5101|00|159.52|12.00|19.14|0.00|0.00|0.00|0.00|0.00|0.00|
|C170|4|PROD003|MATERIAL BRUTO C|4.76|UN|1134.17|5101|00|1090.96|12.00|130.92|0.00|0.00|0.00|0.00|0.00|0.00|
|C170|5|PROD001|PECA MECANICA TIPO A|36.81|UN|2175.23|5101|30|0.00|12.00|0.00|0.00|0.00|0.00|0.00|0.00|0.00|
|C100|1|0|12345678000195|55|00|000000355|000|27022024|29022024|2093.74|1916.41|229.97|0.00|0.00|0.00|0.00|0.00|0.00|0.00|0|55512312300010|
|C170|1|PROD007|PARTE SOBRESSALENTE G|17.54|UN|2093.74|6102|10|1916.41|12.00|229.97|0.00|0.00|0.00|0.00|0.00|0.00|
|C100|1|0|12345678000195|55|00|000000356|000|17022024|17022024|49627.68|42995.91|5159.51|0.00|0.00|0.00|0.00|0.00|0.00|0.00|0|55512312300010|
|C170|1|PROD004|PRODUTO ACABADO D|47.00|UN|44796.21|5101|51|38448.95|12.00|4613.87|0.00|0.00|0.00|0.00|0.00|0.00|
|C170|2|PROD007|PARTE SOBRESSALENTE G|44.36|UN|4831.47|5101|10|4546.96|12.00|545.64|0.00|0.00|0.00|0.00|0.00|0.00|
|C100|1|0|12345678000195|55|00|000000357|000|13022024|14022024|54397.85|47171.05|5660.53|0.00|0.00|0.00|0.00|0.00|0.00|0.00|0|55512312300010|
|C170|1|PROD001|PECA MECANICA TIPO A|38.61|UN|2617.12|6102|10|2244.99|12.00|269.40|0.00|0.00|0.00|0.00|0.00|0.00|
|C170|2|PROD008|CONJUNTO MONTADO H|22.06|UN|23939.51|6102|20|20739.18|12.00|2488.70|0.00|0.00|0.00|0.00|0.00|0.00|
|C170|3|PROD002|COMPONENTE ELETRICO B|31.69|UN|1796.68|6102|41|0.00|12.00|0.00|0.00|0.00|0.00|0.00|0.00|0.00|
|C170|4|PROD008|CONJUNTO MONTADO H|32.56|UN|26044.54|6102|00|24186.88|12.00|2902.43|0.00|0.00|0.00|0.00|0.00|0.00|
|C100|1|0|12345678000195|55|00|000000358|000|10022024|10022024|14255.82|375.85|45.10|0.00|0.00|0.00|0.00|0.00|0.00|0.00|0|33366699000100|
|C170|1|PROD003|MATERIAL BRUTO C|39.90|UN|13874.98|5101|41|0.00|12.00|0.00|0.00|0.00|0.00|0.00|0.00|0.00|
|C170|2|PROD005|INSUMO INDUSTRIAL E|17.79|UN|380.84|5101|51|375.85|12.00|45.10|0.00|0.00|0.00|0.00|0.00|0.00|
|C100|1|0|12345678000195|55|00|000000359|000|05022024|08022024|8233.60|0.00|0.00|0.00|0.00|0.00|0.00|0.00|0.00|0.00|0|99900011000155|
|C170|1|PROD002|COMPONENTE ELETRICO B|36.47|UN|1201.29|5101|40|0.00|12.00|0.00|0.00|0.00|0.00|0.00|0.00|0.00|
|C170|2|PROD003|MATERIAL BRUTO C|23.12|UN|7032.31|5101|40|0.00|12.00|0.00|0.00|0.00|0.00|0.00|0.00|0.00|
|C100|1|0|12345678000195|55|00|000000360|000|17022024|19022024|14000.89|0.00|0.00|0.00|0.00|0.00|0.00|0.00|0.00|0.00|0|55512312300010|
|C170|1|PROD006|EMBALAGEM PADRAO F|49.77|UN|594.29|6101|40|0.00|12.00|0.00|0.00|0.00|0.00|0.00|0.00|0.00|
|C170|2|PROD007|PARTE SOBRESSALENTE G|9.11|UN|1280.52|6101|40|0.00|12.00|0.00|0.00|0.00|0.00|0.00|0.00|0.00|
|C170|3|PROD003|MATERIAL BRUTO C|31.57|UN|9276.64|6101|41|0.00|12.00|0.00|0.00|0.00|0.00|0.00|0.00|0.00|
|C170|4|PROD002|COMPONENTE ELETRICO B|29.06|UN|1472.62|6101|41|0.00|12.00|0.00|0.00|0.00|0.00|0.00|0.00|0.00|
|C170|5|PROD001|PECA MECANICA TIPO A|15.52|UN|1376.82|6101|40|0.00|12.00|0.00|0.00|0.00|0.00|0.00|0.00|0.00|
|C100|1|0|12345678000195|55|00|000000361|000|24022024|27022024|36182.24|23844.46|2861.33|0.00|0.00|0.00|0.00|0.00|0.00|0.00|0|99900011000155|
|C170|1|PROD003|MATERIAL BRUTO C|13.16|UN|3284.58|5101|00|2802.37|12.00|336.28|0.00|0.00|0.00|0.00|0.00|0.00|
|C170|2|PROD005|INSUMO INDUSTRIAL E|25.52|UN|596.17|5101|40|0.00|12.00|0.00|0.00|0.00|0.00|0.00|0.00|0.00|
|C170|3|PROD003|MATERIAL BRUTO C|48.77|UN|11176.16|5101|00|9818.89|12.00|1178.27|0.00|0.00|0.00|0.00|0.00|0.00|
|C170|4|PROD004|PRODUTO ACABADO D|10.06|UN|8800.70|5101|50|0.00|12.00|0.00|0.00|0.00|0.00|0.00|0.00|0.00|
|C170|5|PROD008|CONJUNTO MONTADO H|15.43|UN|12324.63|5101|90|11223.20|12.00|1346.78|0.00|0.00|0.00|0.00|0.00|0.00|
|C100|1|0|12345678000195|55|00|000000362|000|02022024|05022024|23658.63|22820.37|2738.44|0.00|0.00|0.00|0.00|0.00|0.00|0.00|0|99900011000155|
|C170|1|PROD008|CONJUNTO MONTADO H|24.18|UN|23658.63|6101|00|22820.37|12.00|2738.44|0.00|0.00|0.00|0.00|0.00|0.00|
|C100|1|0|12345678000195|55|00|000000363|000|21022024|24022024|39237.48|38517.58|4622.11|0.00|0.00|0.00|0.00|0.00|0.00|0.00|0|55512312300010|
|C170|1|PROD003|MATERIAL BRUTO C|36.50|UN|10145.89|5102|00|9643.89|12.00|1157.27|0.00|0.00|0.00|0.00|0.00|0.00|
|C170|2|PROD008|CONJUNTO MONTADO H|30.52|UN|29091.59|5102|00|28873.69|12.00|3464.84|0.00|0.00|0.00|0.00|0.00|0.00|
|C100|1|0|12345678000195|55|00|000000364|000|22022024|22022024|63466.97|55303.11|6636.37|0.00|0.00|0.00|0.00|0.00|0.00|0.00|0|77788899000177|
|C170|1|PROD008|CONJUNTO MONTADO H|48.04|UN|63466.97|5401|00|55303.11|12.00|6636.37|0.00|0.00|0.00|0.00|0.00|0.00|
|C100|1|0|12345678000195|55|00|000000365|000|20022024|23022024|808.55|0.00|0.00|0.00|0.00|0.00|0.00|0.00|0.00|0.00|0|99900011000155|
|C170|1|PROD005|INSUMO INDUSTRIAL E|42.60|UN|808.55|5401|40|0.00|12.00|0.00|0.00|0.00|0.00|0.00|0.00|0.00|
|C100|1|0|12345678000195|55|00|000000366|000|18022024|19022024|2251.94|0.00|0.00|0.00|0.00|0.00|0.00|0.00|0.00|0.00|0|33366699000100|
|C170|1|PROD001|PECA MECANICA TIPO A|17.89|UN|1683.90|5403|60|0.00|12.00|0.00|0.00|0.00|0.00|0.00|0.00|0.00|
|C170|2|PROD005|INSUMO INDUSTRIAL E|11.62|UN|350.42|5403|50|0.00|12.00|0.00|0.00|0.00|0.00|0.00|0.00|0.00|
|C170|3|PROD005|INSUMO INDUSTRIAL E|5.81|UN|217.62|5403|60|0.00|12.00|0.00|0.00|0.00|0.00|0.00|0.00|0.00|
|C100|1|0|12345678000195|55|00|000000367|000|26022024|28022024|17598.51|8190.30|982.83|0.00|0.00|0.00|0.00|0.00|0.00|0.00|0|77788899000177|
|C170|1|PROD008|CONJUNTO MONTADO H|10.41|UN|9232.94|6101|30|0.00|12.00|0.00|0.00|0.00|0.00|0.00|0.00|0.00|
|C170|2|PROD007|PARTE SOBRESSALENTE G|12.79|UN|1837.78|6101|10|1702.44|12.00|204.29|0.00|0.00|0.00|0.00|0.00|0.00|
|C170|3|PROD003|MATERIAL BRUTO C|31.68|UN|6527.79|6101|00|6487.86|12.00|778.54|0.00|0.00|0.00|0.00|0.00|0.00|
|C100|1|0|12345678000195|55|00|000000368|000|25022024|26022024|240.87|0.00|0.00|0.00|0.00|0.00|0.00|0.00|0.00|0.00|0|22244466000133|
|C170|1|PROD006|EMBALAGEM PADRAO F|26.18|UN|240.87|5101|60|0.00|12.00|0.00|0.00|0.00|0.00|0.00|0.00|0.00|
|C100|1|0|12345678000195|55|00|000000369|000|03022024|03022024|5738.56|5009.12|601.09|0.00|0.00|0.00|0.00|0.00|0.00|0.00|0|22244466000133|
|C170|1|PROD005|INSUMO INDUSTRIAL E|17.41|UN|716.82|5101|51|614.45|12.00|73.73|0.00|0.00|0.00|0.00|0.00|0.00|
|C170|2|PROD001|PECA MECANICA TIPO A|4.25|UN|369.10|5101|40|0.00|12.00|0.00|0.00|0.00|0.00|0.00|0.00|0.00|
|C170|3|PROD006|EMBALAGEM PADRAO F|14.68|UN|103.52|5101|40|0.00|12.00|0.00|0.00|0.00|0.00|0.00|0.00|0.00|
|C170|4|PROD007|PARTE SOBRESSALENTE G|43.03|UN|4549.12|5101|20|4394.67|12.00|527.36|0.00|0.00|0.00|0.00|0.00|0.00|
|C100|1|0|12345678000195|55|00|000000370|000|07022024|10022024|15085.69|257.51|30.90|0.00|0.00|0.00|0.00|0.00|0.00|0.00|0|99900011000155|
|C170|1|PROD006|EMBALAGEM PADRAO F|14.24|UN|160.44|6102|20|150.79|12.00|18.09|0.00|0.00|0.00|0.00|0.00|0.00|
|C170|2|PROD001|PECA MECANICA TIPO A|20.15|UN|1089.29|6102|70|0.00|12.00|0.00|0.00|0.00|0.00|0.00|0.00|0.00|
|C170|3|PROD003|MATERIAL BRUTO C|44.39|UN|13710.84|6102|41|0.00|12.00|0.00|0.00|0.00|0.00|0.00|0.00|0.00|
|C170|4|PROD006|EMBALAGEM PADRAO F|21.17|UN|125.12|6102|00|106.72|12.00|12.81|0.00|0.00|0.00|0.00|0.00|0.00|
|C100|1|0|12345678000195|55|00|000000371|000|24022024|27022024|56972.53|17571.41|2108.57|0.00|0.00|0.00|0.00|0.00|0.00|0.00|0|55512312300010|
|C170|1|PROD008|CONJUNTO MONTADO H|46.69|UN|34867.72|6102|41|0.00|12.00|0.00|0.00|0.00|0.00|0.00|0.00|0.00|
|C170|2|PROD008|CONJUNTO MONTADO H|2.11|UN|2865.74|6102|40|0.00|12.00|0.00|0.00|0.00|0.00|0.00|0.00|0.00|
|C170|3|PROD008|CONJUNTO MONTADO H|13.88|UN|19139.30|6102|00|17571.41|12.00|2108.57|0.00|0.00|0.00|0.00|0.00|0.00|
|C170|4|PROD005|INSUMO INDUSTRIAL E|5.37|UN|99.77|6102|70|0.00|12.00|0.00|0.00|0.00|0.00|0.00|0.00|0.00|
|C100|1|0|12345678000195|55|00|000000372|000|23022024|24022024|96994.26|91944.69|11033.36|0.00|0.00|0.00|0.00|0.00|0.00|0.00|0|33366699000100|
|C170|1|PROD008|CONJUNTO MONTADO H|46.43|UN|47590.85|5102|00|47563.09|12.00|5707.57|0.00|0.00|0.00|0.00|0.00|0.00|
|C170|2|PROD004|PRODUTO ACABADO D|45.47|UN|37536.97|5102|00|32826.36|12.00|3939.16|0.00|0.00|0.00|0.00|0.00|0.00|
|C170|3|PROD004|PRODUTO ACABADO D|19.61|UN|11866.44|5102|20|11555.24|12.00|1386.63|0.00|0.00|0.00|0.00|0.00|0.00|
|C100|1|0|12345678000195|55|00|000000373|000|05022024|08022024|20366.28|17726.91|2127.22|0.00|0.00|0.00|0.00|0.00|0.00|0.00|0|33366699000100|
|C170|1|PROD005|INSUMO INDUSTRIAL E|33.73|UN|776.04|5403|00|665.36|12.00|79.84|0.00|0.00|0.00|0.00|0.00|0.00|
|C170|2|PROD003|MATERIAL BRUTO C|48.10|UN|15857.94|5403|10|13814.29|12.00|1657.71|0.00|0.00|0.00|0.00|0.00|0.00|
|C170|3|PROD001|PECA MECANICA TIPO A|20.38|UN|1747.32|5403|90|1509.99|12.00|181.20|0.00|0.00|0.00|0.00|0.00|0.00|
|C170|4|PROD002|COMPONENTE ELETRICO B|14.49|UN|1227.93|5403|00|1081.48|12.00|129.78|0.00|0.00|0.00|0.00|0.00|0.00|
|C170|5|PROD001|PECA MECANICA TIPO A|13.26|UN|757.05|5403|20|655.79|12.00|78.69|0.00|0.00|0.00|0.00|0.00|0.00|
|C100|1|0|12345678000195|55|00|000000374|000|29022024|03032024|4171.46|1097.00|131.64|0.00|0.00|0.00|0.00|0.00|0.00|0.00|0|77788899000177|
|C170|1|PROD006|EMBALAGEM PADRAO F|8.91|UN|50.35|6102|20|49.00|12.00|5.88|0.00|0.00|0.00|0.00|0.00|0.00|
|C170|2|PROD002|COMPONENTE ELETRICO B|27.28|UN|1091.86|6102|40|0.00|12.00|0.00|0.00|0.00|0.00|0.00|0.00|0.00|
|C170|3|PROD002|COMPONENTE ELETRICO B|13.79|UN|1119.80|6102|20|1048.00|12.00|125.76|0.00|0.00|0.00|0.00|0.00|0.00|
|C170|4|PROD001|PECA MECANICA TIPO A|17.67|UN|1909.45|6102|41|0.00|12.00|0.00|0.00|0.00|0.00|0.00|0.00|0.00|
|C100|1|0|12345678000195|55|00|000000375|000|15022024|16022024|6761.07|6440.80|772.89|0.00|0.00|0.00|0.00|0.00|0.00|0.00|0|99900011000155|
|C170|1|PROD007|PARTE SOBRESSALENTE G|43.96|UN|6498.89|5403|00|6188.44|12.00|742.61|0.00|0.00|0.00|0.00|0.00|0.00|
|C170|2|PROD005|INSUMO INDUSTRIAL E|16.60|UN|262.18|5403|00|252.36|12.00|30.28|0.00|0.00|0.00|0.00|0.00|0.00|
|C100|1|0|12345678000195|55|00|000000376|000|16022024|19022024|24476.25|0.00|0.00|0.00|0.00|0.00|0.00|0.00|0.00|0.00|0|55512312300010|
|C170|1|PROD004|PRODUTO ACABADO D|35.30|UN|24476.25|5403|70|0.00|12.00|0.00|0.00|0.00|0.00|0.00|0.00|0.00|
|C100|1|0|12345678000195|55|00|000000377|000|29022024|03032024|4850.00|4603.24|552.39|0.00|0.00|0.00|0.00|0.00|0.00|0.00|0|77788899000177|
|C170|1|PROD007|PARTE SOBRESSALENTE G|38.46|UN|4234.28|6101|00|4017.64|12.00|482.12|0.00|0.00|0.00|0.00|0.00|0.00|
|C170|2|PROD001|PECA MECANICA TIPO A|9.38|UN|615.72|6101|10|585.60|12.00|70.27|0.00|0.00|0.00|0.00|0.00|0.00|
|C100|1|0|12345678000195|55|00|000000378|000|13022024|15022024|24273.42|23759.56|2851.15|0.00|0.00|0.00|0.00|0.00|0.00|0.00|0|55512312300010|
|C170|1|PROD005|INSUMO INDUSTRIAL E|13.98|UN|424.60|5101|40|0.00|12.00|0.00|0.00|0.00|0.00|0.00|0.00|0.00|
|C170|2|PROD004|PRODUTO ACABADO D|26.62|UN|23148.95|5101|00|23085.41|12.00|2770.25|0.00|0.00|0.00|0.00|0.00|0.00|
|C170|3|PROD001|PECA MECANICA TIPO A|7.80|UN|699.87|5101|90|674.15|12.00|80.90|0.00|0.00|0.00|0.00|0.00|0.00|
|C100|1|0|12345678000195|55|00|000000379|000|18022024|20022024|8929.95|0.00|0.00|0.00|0.00|0.00|0.00|0.00|0.00|0.00|0|55512312300010|
|C170|1|PROD005|INSUMO INDUSTRIAL E|47.70|UN|879.13|5102|60|0.00|12.00|0.00|0.00|0.00|0.00|0.00|0.00|0.00|
|C170|2|PROD005|INSUMO INDUSTRIAL E|42.69|UN|1560.86|5102|70|0.00|12.00|0.00|0.00|0.00|0.00|0.00|0.00|0.00|
|C170|3|PROD007|PARTE SOBRESSALENTE G|34.90|UN|3433.27|5102|50|0.00|12.00|0.00|0.00|0.00|0.00|0.00|0.00|0.00|
|C170|4|PROD007|PARTE SOBRESSALENTE G|22.22|UN|3056.69|5102|40|0.00|12.00|0.00|0.00|0.00|0.00|0.00|0.00|0.00|
|C100|1|0|12345678000195|55|00|000000380|000|17022024|19022024|12448.82|69.04|8.28|0.00|0.00|0.00|0.00|0.00|0.00|0.00|0|33366699000100|
|C170|1|PROD003|MATERIAL BRUTO C|42.46|UN|12375.68|6102|40|0.00|12.00|0.00|0.00|0.00|0.00|0.00|0.00|0.00|
|C170|2|PROD005|INSUMO INDUSTRIAL E|4.24|UN|73.14|6102|10|69.04|12.00|8.28|0.00|0.00|0.00|0.00|0.00|0.00|
|C100|1|0|12345678000195|55|00|000000381|000|15022024|15022024|44686.10|2234.10|268.10|0.00|0.00|0.00|0.00|0.00|0.00|0.00|0|99900011000155|
|C170|1|PROD001|PECA MECANICA TIPO A|22.93|UN|1913.13|6102|30|0.00|12.00|0.00|0.00|0.00|0.00|0.00|0.00|0.00|
|C170|2|PROD008|CONJUNTO MONTADO H|48.63|UN|40400.89|6102|70|0.00|12.00|0.00|0.00|0.00|0.00|0.00|0.00|0.00|
|C170|3|PROD002|COMPONENTE ELETRICO B|23.15|UN|1178.70|6102|00|1110.46|12.00|133.26|0.00|0.00|0.00|0.00|0.00|0.00|
|C170|4|PROD005|INSUMO INDUSTRIAL E|36.25|UN|1193.38|6102|20|1123.64|12.00|134.84|0.00|0.00|0.00|0.00|0.00|0.00|
|C100|1|0|12345678000195|55|00|000000382|000|13022024|14022024|27488.37|23401.65|2808.19|0.00|0.00|0.00|0.00|0.00|0.00|0.00|0|22244466000133|
|C170|1|PROD008|CONJUNTO MONTADO H|16.69|UN|18417.34|6101|20|17726.04|12.00|2127.12|0.00|0.00|0.00|0.00|0.00|0.00|
|C170|2|PROD005|INSUMO INDUSTRIAL E|39.74|UN|1167.05|6101|40|0.00|12.00|0.00|0.00|0.00|0.00|0.00|0.00|0.00|
|C170|3|PROD006|EMBALAGEM PADRAO F|1.03|UN|9.80|6101|40|0.00|12.00|0.00|0.00|0.00|0.00|0.00|0.00|0.00|
|C170|4|PROD002|COMPONENTE ELETRICO B|39.83|UN|2002.55|6101|40|0.00|12.00|0.00|0.00|0.00|0.00|0.00|0.00|0.00|
|C170|5|PROD007|PARTE SOBRESSALENTE G|44.27|UN|5891.63|6101|51|5675.61|12.00|681.07|0.00|0.00|0.00|0.00|0.00|0.00|
|C100|1|0|12345678000195|55|00|000000383|000|13022024|15022024|7879.39|2341.38|280.97|0.00|0.00|0.00|0.00|0.00|0.00|0.00|0|22244466000133|
|C170|1|PROD005|INSUMO INDUSTRIAL E|27.55|UN|992.24|6102|10|899.15|12.00|107.90|0.00|0.00|0.00|0.00|0.00|0.00|
|C170|2|PROD001|PECA MECANICA TIPO A|13.31|UN|1535.86|6102|10|1442.23|12.00|173.07|0.00|0.00|0.00|0.00|0.00|0.00|
|C170|3|PROD001|PECA MECANICA TIPO A|10.61|UN|792.60|6102|50|0.00|12.00|0.00|0.00|0.00|0.00|0.00|0.00|0.00|
|C170|4|PROD003|MATERIAL BRUTO C|15.41|UN|4558.69|6102|40|0.00|12.00|0.00|0.00|0.00|0.00|0.00|0.00|0.00|
|C100|1|0|12345678000195|55|00|000000384|000|22022024|24022024|8086.70|656.74|78.81|0.00|0.00|0.00|0.00|0.00|0.00|0.00|0|77788899000177|
|C170|1|PROD007|PARTE SOBRESSALENTE G|48.06|UN|7396.90|5403|70|0.00|12.00|0.00|0.00|0.00|0.00|0.00|0.00|0.00|
|C170|2|PROD002|COMPONENTE ELETRICO B|17.67|UN|689.80|5403|00|656.74|12.00|78.81|0.00|0.00|0.00|0.00|0.00|0.00|
|C100|1|0|12345678000195|55|00|000000385|000|06022024|08022024|33748.86|7080.52|849.66|0.00|0.00|0.00|0.00|0.00|0.00|0.00|0|33366699000100|
|C170|1|PROD002|COMPONENTE ELETRICO B|9.42|UN|772.80|6102|00|737.40|12.00|88.49|0.00|0.00|0.00|0.00|0.00|0.00|
|C170|2|PROD008|CONJUNTO MONTADO H|17.82|UN|20060.86|6102|40|0.00|12.00|0.00|0.00|0.00|0.00|0.00|0.00|0.00|
|C170|3|PROD004|PRODUTO ACABADO D|6.01|UN|5486.34|6102|70|0.00|12.00|0.00|0.00|0.00|0.00|0.00|0.00|0.00|
|C170|4|PROD008|CONJUNTO MONTADO H|6.20|UN|7428.86|6102|10|6343.12|12.00|761.17|0.00|0.00|0.00|0.00|0.00|0.00|
|C100|1|0|12345678000195|55|00|000000386|000|17022024|19022024|12096.35|5380.96|645.72|0.00|0.00|0.00|0.00|0.00|0.00|0.00|0|22244466000133|
|C170|1|PROD003|MATERIAL BRUTO C|13.82|UN|2780.56|5403|10|2623.39|12.00|314.81|0.00|0.00|0.00|0.00|0.00|0.00|
|C170|2|PROD005|INSUMO INDUSTRIAL E|44.01|UN|1722.11|5403|50|0.00|12.00|0.00|0.00|0.00|0.00|0.00|0.00|0.00|
|C170|3|PROD007|PARTE SOBRESSALENTE G|4.65|UN|681.79|5403|60|0.00|12.00|0.00|0.00|0.00|0.00|0.00|0.00|0.00|
|C170|4|PROD007|PARTE SOBRESSALENTE G|30.35|UN|2828.41|5403|00|2757.57|12.00|330.91|0.00|0.00|0.00|0.00|0.00|0.00|
|C170|5|PROD003|MATERIAL BRUTO C|17.35|UN|4083.48|5403|41|0.00|12.00|0.00|0.00|0.00|0.00|0.00|0.00|0.00|
|C100|1|0|12345678000195|55|00|000000387|000|27022024|29022024|35367.07|2865.25|343.83|0.00|0.00|0.00|0.00|0.00|0.00|0.00|0|55512312300010|
|C170|1|PROD003|MATERIAL BRUTO C|17.06|UN|3686.54|5102|40|0.00|12.00|0.00|0.00|0.00|0.00|0.00|0.00|0.00|
|C170|2|PROD003|MATERIAL BRUTO C|18.94|UN|6304.98|5102|50|0.00|12.00|0.00|0.00|0.00|0.00|0.00|0.00|0.00|
|C170|3|PROD004|PRODUTO ACABADO D|24.32|UN|22031.69|5102|30|0.00|12.00|0.00|0.00|0.00|0.00|0.00|0.00|0.00|
|C170|4|PROD003|MATERIAL BRUTO C|12.67|UN|3343.86|5102|51|2865.25|12.00|343.83|0.00|0.00|0.00|0.00|0.00|0.00|
|C100|1|0|12345678000195|55|00|000000388|000|09022024|10022024|8249.64|0.00|0.00|0.00|0.00|0.00|0.00|0.00|0.00|0.00|0|99900011000155|
|C170|1|PROD003|MATERIAL BRUTO C|38.72|UN|8249.64|6102|41|0.00|12.00|0.00|0.00|0.00|0.00|0.00|0.00|0.00|
|C100|1|0|12345678000195|55|00|000000389|000|15022024|18022024|47557.12|28092.70|3371.13|0.00|0.00|0.00|0.00|0.00|0.00|0.00|0|77788899000177|
|C170|1|PROD008|CONJUNTO MONTADO H|36.89|UN|29224.42|6101|20|26031.72|12.00|3123.81|0.00|0.00|0.00|0.00|0.00|0.00|
|C170|2|PROD001|PECA MECANICA TIPO A|7.36|UN|803.09|6101|30|0.00|12.00|0.00|0.00|0.00|0.00|0.00|0.00|0.00|
|C170|3|PROD005|INSUMO INDUSTRIAL E|42.97|UN|1048.37|6101|00|912.63|12.00|109.52|0.00|0.00|0.00|0.00|0.00|0.00|
|C170|4|PROD004|PRODUTO ACABADO D|17.21|UN|15292.40|6101|50|0.00|12.00|0.00|0.00|0.00|0.00|0.00|0.00|0.00|
|C170|5|PROD001|PECA MECANICA TIPO A|21.98|UN|1188.84|6101|10|1148.35|12.00|137.80|0.00|0.00|0.00|0.00|0.00|0.00|
|C100|1|0|12345678000195|55|00|000000390|000|14022024|17022024|12334.03|1049.27|125.91|0.00|0.00|0.00|0.00|0.00|0.00|0.00|0|99900011000155|
|C170|1|PROD003|MATERIAL BRUTO C|26.00|UN|9034.22|6101|60|0.00|12.00|0.00|0.00|0.00|0.00|0.00|0.00|0.00|
|C170|2|PROD007|PARTE SOBRESSALENTE G|14.70|UN|1919.51|6101|40|0.00|12.00|0.00|0.00|0.00|0.00|0.00|0.00|0.00|
|C170|3|PROD002|COMPONENTE ELETRICO B|21.68|UN|1083.80|6101|51|1049.27|12.00|125.91|0.00|0.00|0.00|0.00|0.00|0.00|
|C170|4|PROD006|EMBALAGEM PADRAO F|42.24|UN|296.50|6101|30|0.00|12.00|0.00|0.00|0.00|0.00|0.00|0.00|0.00|
|C100|1|0|12345678000195|55|00|000000391|000|20022024|20022024|48436.53|42296.41|5075.57|0.00|0.00|0.00|0.00|0.00|0.00|0.00|0|33366699000100|
|C170|1|PROD008|CONJUNTO MONTADO H|2.93|UN|2371.65|5101|10|2243.28|12.00|269.19|0.00|0.00|0.00|0.00|0.00|0.00|
|C170|2|PROD001|PECA MECANICA TIPO A|29.73|UN|3314.60|5101|00|2934.96|12.00|352.20|0.00|0.00|0.00|0.00|0.00|0.00|
|C170|3|PROD008|CONJUNTO MONTADO H|32.49|UN|41524.49|5101|90|36016.68|12.00|4322.00|0.00|0.00|0.00|0.00|0.00|0.00|
|C170|4|PROD001|PECA MECANICA TIPO A|16.97|UN|1225.79|5101|00|1101.49|12.00|132.18|0.00|0.00|0.00|0.00|0.00|0.00|
|C100|1|0|12345678000195|55|00|000000392|000|02022024|03022024|15070.71|7010.34|841.24|0.00|0.00|0.00|0.00|0.00|0.00|0.00|0|22244466000133|
|C170|1|PROD005|INSUMO INDUSTRIAL E|42.70|UN|1245.70|6102|10|1168.42|12.00|140.21|0.00|0.00|0.00|0.00|0.00|0.00|
|C170|2|PROD002|COMPONENTE ELETRICO B|49.76|UN|2835.32|6102|20|2771.67|12.00|332.60|0.00|0.00|0.00|0.00|0.00|0.00|
|C170|3|PROD001|PECA MECANICA TIPO A|49.53|UN|3246.89|6102|20|3070.25|12.00|368.43|0.00|0.00|0.00|0.00|0.00|0.00|
|C170|4|PROD003|MATERIAL BRUTO C|22.61|UN|7742.80|6102|40|0.00|12.00|0.00|0.00|0.00|0.00|0.00|0.00|0.00|
|C100|1|0|12345678000195|55|00|000000393|000|24022024|24022024|8885.04|330.54|39.66|0.00|0.00|0.00|0.00|0.00|0.00|0.00|0|77788899000177|
|C170|1|PROD007|PARTE SOBRESSALENTE G|46.04|UN|4743.81|5102|70|0.00|12.00|0.00|0.00|0.00|0.00|0.00|0.00|0.00|
|C170|2|PROD008|CONJUNTO MONTADO H|4.41|UN|3761.33|5102|50|0.00|12.00|0.00|0.00|0.00|0.00|0.00|0.00|0.00|
|C170|3|PROD006|EMBALAGEM PADRAO F|35.67|UN|379.90|5102|00|330.54|12.00|39.66|0.00|0.00|0.00|0.00|0.00|0.00|
|C100|1|0|12345678000195|55|00|000000394|000|05022024|06022024|36443.27|34998.36|4199.81|0.00|0.00|0.00|0.00|0.00|0.00|0.00|0|55512312300010|
|C170|1|PROD008|CONJUNTO MONTADO H|31.72|UN|36059.75|6101|00|34644.21|12.00|4157.31|0.00|0.00|0.00|0.00|0.00|0.00|
|C170|2|PROD006|EMBALAGEM PADRAO F|44.39|UN|383.52|6101|20|354.15|12.00|42.50|0.00|0.00|0.00|0.00|0.00|0.00|
|C100|1|0|12345678000195|55|00|000000395|000|23022024|26022024|999.61|0.00|0.00|0.00|0.00|0.00|0.00|0.00|0.00|0.00|0|77788899000177|
|C170|1|PROD005|INSUMO INDUSTRIAL E|38.58|UN|999.61|5401|40|0.00|12.00|0.00|0.00|0.00|0.00|0.00|0.00|0.00|
|C100|1|0|12345678000195|55|00|000000396|000|06022024|07022024|61020.12|57805.07|6936.60|0.00|0.00|0.00|0.00|0.00|0.00|0.00|0|22244466000133|
|C170|1|PROD004|PRODUTO ACABADO D|14.02|UN|7920.72|5401|00|7411.28|12.00|889.35|0.00|0.00|0.00|0.00|0.00|0.00|
|C170|2|PROD003|MATERIAL BRUTO C|2.60|UN|576.00|5401|00|560.16|12.00|67.22|0.00|0.00|0.00|0.00|0.00|0.00|
|C170|3|PROD008|CONJUNTO MONTADO H|42.89|UN|52295.84|5401|10|49610.54|12.00|5953.26|0.00|0.00|0.00|0.00|0.00|0.00|
|C170|4|PROD005|INSUMO INDUSTRIAL E|12.81|UN|227.56|5401|00|223.09|12.00|26.77|0.00|0.00|0.00|0.00|0.00|0.00|
|C100|1|0|12345678000195|55|00|000000397|000|04022024|07022024|8221.86|0.00|0.00|0.00|0.00|0.00|0.00|0.00|0.00|0.00|0|22244466000133|
|C170|1|PROD004|PRODUTO ACABADO D|11.54|UN|8221.86|5102|40|0.00|12.00|0.00|0.00|0.00|0.00|0.00|0.00|0.00|
|C100|1|0|12345678000195|55|00|000000398|000|19022024|20022024|6502.87|1978.06|237.36|0.00|0.00|0.00|0.00|0.00|0.00|0.00|0|77788899000177|
|C170|1|PROD002|COMPONENTE ELETRICO B|45.57|UN|1904.00|5101|20|1667.29|12.00|200.07|0.00|0.00|0.00|0.00|0.00|0.00|
|C170|2|PROD002|COMPONENTE ELETRICO B|5.94|UN|317.73|5101|10|310.77|12.00|37.29|0.00|0.00|0.00|0.00|0.00|0.00|
|C170|3|PROD008|CONJUNTO MONTADO H|4.69|UN|4281.14|5101|40|0.00|12.00|0.00|0.00|0.00|0.00|0.00|0.00|0.00|
|C100|1|0|12345678000195|55|00|000000399|000|08022024|09022024|2581.86|2207.12|264.85|0.00|0.00|0.00|0.00|0.00|0.00|0.00|0|77788899000177|
|C170|1|PROD006|EMBALAGEM PADRAO F|44.83|UN|287.82|5401|40|0.00|12.00|0.00|0.00|0.00|0.00|0.00|0.00|0.00|
|C170|2|PROD002|COMPONENTE ELETRICO B|16.09|UN|852.71|5401|20|807.25|12.00|96.87|0.00|0.00|0.00|0.00|0.00|0.00|
|C170|3|PROD005|INSUMO INDUSTRIAL E|37.12|UN|1441.33|5401|00|1399.87|12.00|167.98|0.00|0.00|0.00|0.00|0.00|0.00|
|C100|1|0|12345678000195|55|00|000000400|000|08022024|08022024|18964.50|4353.47|522.42|0.00|0.00|0.00|0.00|0.00|0.00|0.00|0|33366699000100|
|C170|1|PROD003|MATERIAL BRUTO C|38.97|UN|11367.35|6101|40|0.00|12.00|0.00|0.00|0.00|0.00|0.00|0.00|0.00|
|C170|2|PROD003|MATERIAL BRUTO C|9.84|UN|2628.28|6101|50|0.00|12.00|0.00|0.00|0.00|0.00|0.00|0.00|0.00|
|C170|3|PROD007|PARTE SOBRESSALENTE G|43.17|UN|4968.87|6101|00|4353.47|12.00|522.42|0.00|0.00|0.00|0.00|0.00|0.00|
|C100|1|0|12345678000195|55|00|000000401|000|06022024|06022024|826.85|0.00|0.00|0.00|0.00|0.00|0.00|0.00|0.00|0.00|0|55512312300010|
|C170|1|PROD006|EMBALAGEM PADRAO F|38.23|UN|434.65|5401|40|0.00|12.00|0.00|0.00|0.00|0.00|0.00|0.00|0.00|
|C170|2|PROD005|INSUMO INDUSTRIAL E|11.50|UN|392.20|5401|50|0.00|12.00|0.00|0.00|0.00|0.00|0.00|0.00|0.00|
|C100|1|0|12345678000195|55|00|000000402|000|19022024|20022024|3087.00|2941.19|352.95|0.00|0.00|0.00|0.00|0.00|0.00|0.00|0|77788899000177|
|C170|1|PROD001|PECA MECANICA TIPO A|48.63|UN|2890.20|5102|10|2772.80|12.00|332.74|0.00|0.00|0.00|0.00|0.00|0.00|
|C170|2|PROD006|EMBALAGEM PADRAO F|36.58|UN|196.80|5102|00|168.39|12.00|20.21|0.00|0.00|0.00|0.00|0.00|0.00|
|C100|1|0|12345678000195|55|00|000000403|000|09022024|12022024|14498.89|525.53|63.06|0.00|0.00|0.00|0.00|0.00|0.00|0.00|0|55512312300010|
|C170|1|PROD005|INSUMO INDUSTRIAL E|11.32|UN|395.94|6101|40|0.00|12.00|0.00|0.00|0.00|0.00|0.00|0.00|0.00|
|C170|2|PROD005|INSUMO INDUSTRIAL E|19.24|UN|555.76|6101|00|525.53|12.00|63.06|0.00|0.00|0.00|0.00|0.00|0.00|
|C170|3|PROD005|INSUMO INDUSTRIAL E|20.32|UN|338.17|6101|50|0.00|12.00|0.00|0.00|0.00|0.00|0.00|0.00|0.00|
|C170|4|PROD003|MATERIAL BRUTO C|37.78|UN|13209.02|6101|41|0.00|12.00|0.00|0.00|0.00|0.00|0.00|0.00|0.00|
|C100|1|0|12345678000195|55|00|000000404|000|01022024|03022024|53173.39|0.00|0.00|0.00|0.00|0.00|0.00|0.00|0.00|0.00|0|77788899000177|
|C170|1|PROD008|CONJUNTO MONTADO H|40.92|UN|53138.64|5401|40|0.00|12.00|0.00|0.00|0.00|0.00|0.00|0.00|0.00|
|C170|2|PROD006|EMBALAGEM PADRAO F|6.37|UN|34.75|5401|50|0.00|12.00|0.00|0.00|0.00|0.00|0.00|0.00|0.00|
|C100|1|0|12345678000195|55|00|000000405|000|07022024|07022024|1714.74|1049.19|125.90|0.00|0.00|0.00|0.00|0.00|0.00|0.00|0|77788899000177|
|C170|1|PROD006|EMBALAGEM PADRAO F|46.42|UN|537.96|5101|40|0.00|12.00|0.00|0.00|0.00|0.00|0.00|0.00|0.00|
|C170|2|PROD002|COMPONENTE ELETRICO B|33.54|UN|1176.78|5101|00|1049.19|12.00|125.90|0.00|0.00|0.00|0.00|0.00|0.00|
|C100|1|0|12345678000195|55|00|000000406|000|07022024|07022024|38403.48|728.87|87.46|0.00|0.00|0.00|0.00|0.00|0.00|0.00|0|99900011000155|
|C170|1|PROD008|CONJUNTO MONTADO H|49.62|UN|37602.24|6101|40|0.00|12.00|0.00|0.00|0.00|0.00|0.00|0.00|0.00|
|C170|2|PROD005|INSUMO INDUSTRIAL E|25.49|UN|801.24|6101|00|728.87|12.00|87.46|0.00|0.00|0.00|0.00|0.00|0.00|
|C100|1|0|12345678000195|55|00|000000407|000|24022024|25022024|4531.61|3689.86|442.78|0.00|0.00|0.00|0.00|0.00|0.00|0.00|0|77788899000177|
|C170|1|PROD002|COMPONENTE ELETRICO B|46.27|UN|3832.03|5101|20|3689.86|12.00|442.78|0.00|0.00|0.00|0.00|0.00|0.00|
|C170|2|PROD007|PARTE SOBRESSALENTE G|7.84|UN|699.58|5101|41|0.00|12.00|0.00|0.00|0.00|0.00|0.00|0.00|0.00|
|C100|1|0|12345678000195|55|00|000000408|000|04022024|04022024|30100.76|29446.13|3533.54|0.00|0.00|0.00|0.00|0.00|0.00|0.00|0|55512312300010|
|C170|1|PROD001|PECA MECANICA TIPO A|2.56|UN|152.61|5403|10|146.72|12.00|17.61|0.00|0.00|0.00|0.00|0.00|0.00|
|C170|2|PROD008|CONJUNTO MONTADO H|26.93|UN|27100.00|5403|00|26797.09|12.00|3215.65|0.00|0.00|0.00|0.00|0.00|0.00|
|C170|3|PROD001|PECA MECANICA TIPO A|37.59|UN|2443.10|5403|00|2147.16|12.00|257.66|0.00|0.00|0.00|0.00|0.00|0.00|
|C170|4|PROD005|INSUMO INDUSTRIAL E|19.63|UN|405.05|5403|00|355.16|12.00|42.62|0.00|0.00|0.00|0.00|0.00|0.00|
|C100|1|0|12345678000195|55|00|000000409|000|25022024|25022024|7565.01|0.00|0.00|0.00|0.00|0.00|0.00|0.00|0.00|0.00|0|33366699000100|
|C170|1|PROD002|COMPONENTE ELETRICO B|28.36|UN|1466.55|5102|30|0.00|12.00|0.00|0.00|0.00|0.00|0.00|0.00|0.00|
|C170|2|PROD001|PECA MECANICA TIPO A|46.17|UN|5088.02|5102|40|0.00|12.00|0.00|0.00|0.00|0.00|0.00|0.00|0.00|
|C170|3|PROD001|PECA MECANICA TIPO A|17.00|UN|1010.44|5102|40|0.00|12.00|0.00|0.00|0.00|0.00|0.00|0.00|0.00|
|C100|1|0|12345678000195|55|00|000000410|000|05022024|05022024|1805.02|0.00|0.00|0.00|0.00|0.00|0.00|0.00|0.00|0.00|0|22244466000133|
|C170|1|PROD006|EMBALAGEM PADRAO F|48.42|UN|486.58|6101|50|0.00|12.00|0.00|0.00|0.00|0.00|0.00|0.00|0.00|
|C170|2|PROD003|MATERIAL BRUTO C|4.24|UN|1318.44|6101|40|0.00|12.00|0.00|0.00|0.00|0.00|0.00|0.00|0.00|
|C100|1|0|12345678000195|55|00|000000411|000|23022024|25022024|71273.79|67748.48|8129.82|0.00|0.00|0.00|0.00|0.00|0.00|0.00|0|77788899000177|
|C170|1|PROD004|PRODUTO ACABADO D|14.50|UN|10198.62|5102|10|9168.52|12.00|1100.22|0.00|0.00|0.00|0.00|0.00|0.00|
|C170|2|PROD001|PECA MECANICA TIPO A|18.97|UN|1356.02|5102|60|0.00|12.00|0.00|0.00|0.00|0.00|0.00|0.00|0.00|
|C170|3|PROD001|PECA MECANICA TIPO A|11.39|UN|590.98|5102|70|0.00|12.00|0.00|0.00|0.00|0.00|0.00|0.00|0.00|
|C170|4|PROD008|CONJUNTO MONTADO H|44.52|UN|55421.88|5102|00|55339.58|12.00|6640.75|0.00|0.00|0.00|0.00|0.00|0.00|
|C170|5|PROD001|PECA MECANICA TIPO A|46.58|UN|3706.29|5102|10|3240.38|12.00|388.85|0.00|0.00|0.00|0.00|0.00|0.00|
|C100|1|0|12345678000195|55|00|000000412|000|18022024|21022024|1704.61|0.00|0.00|0.00|0.00|0.00|0.00|0.00|0.00|0.00|0|77788899000177|
|C170|1|PROD002|COMPONENTE ELETRICO B|31.35|UN|1704.61|5401|40|0.00|12.00|0.00|0.00|0.00|0.00|0.00|0.00|0.00|
|C100|1|0|12345678000195|55|00|000000413|000|14022024|17022024|6726.50|0.00|0.00|0.00|0.00|0.00|0.00|0.00|0.00|0.00|0|55512312300010|
|C170|1|PROD004|PRODUTO ACABADO D|7.37|UN|6726.50|6101|30|0.00|12.00|0.00|0.00|0.00|0.00|0.00|0.00|0.00|
|C100|1|0|12345678000195|55|00|000000414|000|11022024|13022024|3274.13|95.34|11.44|0.00|0.00|0.00|0.00|0.00|0.00|0.00|0|55512312300010|
|C170|1|PROD007|PARTE SOBRESSALENTE G|32.46|UN|3172.97|5401|40|0.00|12.00|0.00|0.00|0.00|0.00|0.00|0.00|0.00|
|C170|2|PROD006|EMBALAGEM PADRAO F|14.99|UN|101.16|5401|00|95.34|12.00|11.44|0.00|0.00|0.00|0.00|0.00|0.00|
|C100|1|0|12345678000195|55|00|000000415|000|16022024|19022024|77381.84|48077.02|5769.25|0.00|0.00|0.00|0.00|0.00|0.00|0.00|0|22244466000133|
|C170|1|PROD008|CONJUNTO MONTADO H|34.18|UN|47799.58|5401|10|43678.09|12.00|5241.37|0.00|0.00|0.00|0.00|0.00|0.00|
|C170|2|PROD003|MATERIAL BRUTO C|9.45|UN|2239.27|5401|20|1939.13|12.00|232.70|0.00|0.00|0.00|0.00|0.00|0.00|
|C170|3|PROD001|PECA MECANICA TIPO A|42.00|UN|2838.50|5401|20|2459.80|12.00|295.18|0.00|0.00|0.00|0.00|0.00|0.00|
|C170|4|PROD004|PRODUTO ACABADO D|28.19|UN|24504.49|5401|41|0.00|12.00|0.00|0.00|0.00|0.00|0.00|0.00|0.00|
|C100|1|0|12345678000195|55|00|000000416|000|04022024|04022024|4192.33|3846.04|461.52|0.00|0.00|0.00|0.00|0.00|0.00|0.00|0|99900011000155|
|C170|1|PROD007|PARTE SOBRESSALENTE G|37.10|UN|4192.33|5102|00|3846.04|12.00|461.52|0.00|0.00|0.00|0.00|0.00|0.00|
|C100|1|0|12345678000195|55|00|000000417|000|25022024|25022024|1988.11|0.00|0.00|0.00|0.00|0.00|0.00|0.00|0.00|0.00|0|33366699000100|
|C170|1|PROD004|PRODUTO ACABADO D|1.64|UN|898.34|5403|40|0.00|12.00|0.00|0.00|0.00|0.00|0.00|0.00|0.00|
|C170|2|PROD001|PECA MECANICA TIPO A|18.95|UN|1089.77|5403|40|0.00|12.00|0.00|0.00|0.00|0.00|0.00|0.00|0.00|
|C100|1|0|12345678000195|55|00|000000418|000|11022024|11022024|169.12|155.47|18.66|0.00|0.00|0.00|0.00|0.00|0.00|0.00|0|55512312300010|
|C170|1|PROD002|COMPONENTE ELETRICO B|3.08|UN|169.12|5403|00|155.47|12.00|18.66|0.00|0.00|0.00|0.00|0.00|0.00|
|C100|1|0|12345678000195|55|00|000000419|000|11022024|11022024|11905.43|11094.80|1331.38|0.00|0.00|0.00|0.00|0.00|0.00|0.00|0|77788899000177|
|C170|1|PROD003|MATERIAL BRUTO C|15.71|UN|5030.20|5101|00|4806.91|12.00|576.83|0.00|0.00|0.00|0.00|0.00|0.00|
|C170|2|PROD005|INSUMO INDUSTRIAL E|2.21|UN|67.03|5101|00|62.32|12.00|7.48|0.00|0.00|0.00|0.00|0.00|0.00|
|C170|3|PROD003|MATERIAL BRUTO C|26.88|UN|6808.20|5101|20|6225.57|12.00|747.07|0.00|0.00|0.00|0.00|0.00|0.00|
|C100|1|0|12345678000195|55|00|000000420|000|16022024|16022024|728.69|0.00|0.00|0.00|0.00|0.00|0.00|0.00|0.00|0.00|0|33366699000100|
|C170|1|PROD005|INSUMO INDUSTRIAL E|17.35|UN|728.69|5102|50|0.00|12.00|0.00|0.00|0.00|0.00|0.00|0.00|0.00|
|C100|1|0|12345678000195|55|00|000000421|000|20022024|23022024|39148.00|35865.04|4303.80|0.00|0.00|0.00|0.00|0.00|0.00|0.00|0|77788899000177|
|C170|1|PROD008|CONJUNTO MONTADO H|8.30|UN|7859.42|5102|00|6964.09|12.00|835.69|0.00|0.00|0.00|0.00|0.00|0.00|
|C170|2|PROD007|PARTE SOBRESSALENTE G|7.77|UN|1152.74|5102|00|989.79|12.00|118.77|0.00|0.00|0.00|0.00|0.00|0.00|
|C170|3|PROD008|CONJUNTO MONTADO H|14.03|UN|13898.71|5102|00|13825.91|12.00|1659.11|0.00|0.00|0.00|0.00|0.00|0.00|
|C170|4|PROD004|PRODUTO ACABADO D|31.71|UN|16237.13|5102|00|14085.25|12.00|1690.23|0.00|0.00|0.00|0.00|0.00|0.00|
|C100|1|0|12345678000195|55|00|000000422|000|19022024|22022024|8156.74|3600.36|432.04|0.00|0.00|0.00|0.00|0.00|0.00|0.00|0|22244466000133|
|C170|1|PROD001|PECA MECANICA TIPO A|29.69|UN|2615.06|6102|70|0.00|12.00|0.00|0.00|0.00|0.00|0.00|0.00|0.00|
|C170|2|PROD003|MATERIAL BRUTO C|4.33|UN|1330.04|6102|41|0.00|12.00|0.00|0.00|0.00|0.00|0.00|0.00|0.00|
|C170|3|PROD001|PECA MECANICA TIPO A|43.04|UN|4053.32|6102|00|3447.16|12.00|413.66|0.00|0.00|0.00|0.00|0.00|0.00|
|C170|4|PROD006|EMBALAGEM PADRAO F|13.21|UN|158.32|6102|00|153.20|12.00|18.38|0.00|0.00|0.00|0.00|0.00|0.00|
|C100|1|0|12345678000195|55|00|000000423|000|09022024|09022024|13563.83|12294.42|1475.33|0.00|0.00|0.00|0.00|0.00|0.00|0.00|0|55512312300010|
|C170|1|PROD006|EMBALAGEM PADRAO F|45.72|UN|479.10|6101|30|0.00|12.00|0.00|0.00|0.00|0.00|0.00|0.00|0.00|
|C170|2|PROD005|INSUMO INDUSTRIAL E|25.15|UN|529.11|6101|00|486.51|12.00|58.38|0.00|0.00|0.00|0.00|0.00|0.00|
|C170|3|PROD004|PRODUTO ACABADO D|22.51|UN|12555.62|6101|20|11807.91|12.00|1416.95|0.00|0.00|0.00|0.00|0.00|0.00|
|C100|1|0|12345678000195|55|00|000000424|000|04022024|07022024|2040.22|1908.94|229.07|0.00|0.00|0.00|0.00|0.00|0.00|0.00|0|33366699000100|
|C170|1|PROD002|COMPONENTE ELETRICO B|24.76|UN|2040.22|5403|20|1908.94|12.00|229.07|0.00|0.00|0.00|0.00|0.00|0.00|
|C100|1|0|12345678000195|55|00|000000425|000|08022024|09022024|39674.47|37705.88|4524.70|0.00|0.00|0.00|0.00|0.00|0.00|0.00|0|77788899000177|
|C170|1|PROD002|COMPONENTE ELETRICO B|30.16|UN|1871.79|5401|60|0.00|12.00|0.00|0.00|0.00|0.00|0.00|0.00|0.00|
|C170|2|PROD006|EMBALAGEM PADRAO F|49.79|UN|404.28|5401|00|386.78|12.00|46.41|0.00|0.00|0.00|0.00|0.00|0.00|
|C170|3|PROD008|CONJUNTO MONTADO H|45.64|UN|37225.62|5401|20|37158.87|12.00|4459.06|0.00|0.00|0.00|0.00|0.00|0.00|
|C170|4|PROD006|EMBALAGEM PADRAO F|33.36|UN|172.78|5401|20|160.23|12.00|19.23|0.00|0.00|0.00|0.00|0.00|0.00|
|C100|1|0|12345678000195|55|00|000000426|000|28022024|29022024|34492.32|0.00|0.00|0.00|0.00|0.00|0.00|0.00|0.00|0.00|0|99900011000155|
|C170|1|PROD004|PRODUTO ACABADO D|42.21|UN|34492.32|5101|40|0.00|12.00|0.00|0.00|0.00|0.00|0.00|0.00|0.00|
|C100|1|0|12345678000195|55|00|000000427|000|04022024|04022024|4118.83|2100.37|252.04|0.00|0.00|0.00|0.00|0.00|0.00|0.00|0|33366699000100|
|C170|1|PROD006|EMBALAGEM PADRAO F|30.18|UN|337.69|5102|41|0.00|12.00|0.00|0.00|0.00|0.00|0.00|0.00|0.00|
|C170|2|PROD007|PARTE SOBRESSALENTE G|22.98|UN|2107.96|5102|00|2100.37|12.00|252.04|0.00|0.00|0.00|0.00|0.00|0.00|
|C170|3|PROD005|INSUMO INDUSTRIAL E|48.16|UN|1673.18|5102|30|0.00|12.00|0.00|0.00|0.00|0.00|0.00|0.00|0.00|
|C100|1|0|12345678000195|55|00|000000428|000|10022024|10022024|87278.21|80292.44|9635.10|0.00|0.00|0.00|0.00|0.00|0.00|0.00|0|99900011000155|
|C170|1|PROD008|CONJUNTO MONTADO H|23.11|UN|30419.48|5101|10|28198.00|12.00|3383.76|0.00|0.00|0.00|0.00|0.00|0.00|
|C170|2|PROD008|CONJUNTO MONTADO H|46.43|UN|51059.66|5101|20|47282.63|12.00|5673.92|0.00|0.00|0.00|0.00|0.00|0.00|
|C170|3|PROD003|MATERIAL BRUTO C|22.45|UN|4528.03|5101|00|4400.25|12.00|528.03|0.00|0.00|0.00|0.00|0.00|0.00|
|C170|4|PROD002|COMPONENTE ELETRICO B|13.72|UN|446.87|5101|20|411.56|12.00|49.39|0.00|0.00|0.00|0.00|0.00|0.00|
|C170|5|PROD007|PARTE SOBRESSALENTE G|5.59|UN|824.17|5101|50|0.00|12.00|0.00|0.00|0.00|0.00|0.00|0.00|0.00|
|C100|1|0|12345678000195|55|00|000000429|000|19022024|19022024|95135.11|84072.09|10088.65|0.00|0.00|0.00|0.00|0.00|0.00|0.00|0|22244466000133|
|C170|1|PROD004|PRODUTO ACABADO D|25.48|UN|22738.48|5401|00|19891.68|12.00|2387.00|0.00|0.00|0.00|0.00|0.00|0.00|
|C170|2|PROD007|PARTE SOBRESSALENTE G|33.85|UN|4223.80|5401|30|0.00|12.00|0.00|0.00|0.00|0.00|0.00|0.00|0.00|
|C170|3|PROD006|EMBALAGEM PADRAO F|23.70|UN|243.45|5401|40|0.00|12.00|0.00|0.00|0.00|0.00|0.00|0.00|0.00|
|C170|4|PROD008|CONJUNTO MONTADO H|49.95|UN|67494.00|5401|20|63802.64|12.00|7656.32|0.00|0.00|0.00|0.00|0.00|0.00|
|C170|5|PROD005|INSUMO INDUSTRIAL E|14.09|UN|435.38|5401|00|377.77|12.00|45.33|0.00|0.00|0.00|0.00|0.00|0.00|
|C100|1|0|12345678000195|55|00|000000430|000|26022024|29022024|41411.49|30441.66|3652.99|0.00|0.00|0.00|0.00|0.00|0.00|0.00|0|55512312300010|
|C170|1|PROD004|PRODUTO ACABADO D|13.16|UN|9657.24|5101|40|0.00|12.00|0.00|0.00|0.00|0.00|0.00|0.00|0.00|
|C170|2|PROD004|PRODUTO ACABADO D|40.62|UN|31093.17|5101|00|29800.62|12.00|3576.07|0.00|0.00|0.00|0.00|0.00|0.00|
|C170|3|PROD005|INSUMO INDUSTRIAL E|18.35|UN|661.08|5101|20|641.04|12.00|76.92|0.00|0.00|0.00|0.00|0.00|0.00|
|C100|1|0|12345678000195|55|00|000000431|000|06022024|08022024|55263.55|52029.18|6243.50|0.00|0.00|0.00|0.00|0.00|0.00|0.00|0|22244466000133|
|C170|1|PROD008|CONJUNTO MONTADO H|46.38|UN|55263.55|6102|00|52029.18|12.00|6243.50|0.00|0.00|0.00|0.00|0.00|0.00|
|C100|1|0|12345678000195|55|00|000000432|000|18022024|19022024|40011.53|30263.69|3631.64|0.00|0.00|0.00|0.00|0.00|0.00|0.00|0|22244466000133|
|C170|1|PROD008|CONJUNTO MONTADO H|26.07|UN|21019.53|6102|20|18348.84|12.00|2201.86|0.00|0.00|0.00|0.00|0.00|0.00|
|C170|2|PROD004|PRODUTO ACABADO D|17.56|UN|12035.05|6102|00|11914.85|12.00|1429.78|0.00|0.00|0.00|0.00|0.00|0.00|
|C170|3|PROD003|MATERIAL BRUTO C|29.42|UN|6956.95|6102|40|0.00|12.00|0.00|0.00|0.00|0.00|0.00|0.00|0.00|
|C100|1|0|12345678000195|55|00|000000433|000|18022024|19022024|96757.60|92920.46|11150.46|0.00|0.00|0.00|0.00|0.00|0.00|0.00|0|33366699000100|
|C170|1|PROD008|CONJUNTO MONTADO H|35.14|UN|30203.57|5101|00|27647.93|12.00|3317.75|0.00|0.00|0.00|0.00|0.00|0.00|
|C170|2|PROD008|CONJUNTO MONTADO H|49.27|UN|48114.65|5101|00|48024.60|12.00|5762.95|0.00|0.00|0.00|0.00|0.00|0.00|
|C170|3|PROD007|PARTE SOBRESSALENTE G|26.83|UN|3438.92|5101|00|2934.46|12.00|352.14|0.00|0.00|0.00|0.00|0.00|0.00|
|C170|4|PROD003|MATERIAL BRUTO C|41.82|UN|8923.12|5101|00|8921.39|12.00|1070.57|0.00|0.00|0.00|0.00|0.00|0.00|
|C170|5|PROD004|PRODUTO ACABADO D|6.53|UN|6077.34|5101|90|5392.08|12.00|647.05|0.00|0.00|0.00|0.00|0.00|0.00|
|C100|1|0|12345678000195|55|00|000000434|000|21022024|22022024|16458.58|14432.50|1731.91|0.00|0.00|0.00|0.00|0.00|0.00|0.00|0|99900011000155|
|C170|1|PROD001|PECA MECANICA TIPO A|17.75|UN|2105.80|5102|00|1870.32|12.00|224.44|0.00|0.00|0.00|0.00|0.00|0.00|
|C170|2|PROD002|COMPONENTE ELETRICO B|28.26|UN|994.40|5102|10|969.05|12.00|116.29|0.00|0.00|0.00|0.00|0.00|0.00|
|C170|3|PROD006|EMBALAGEM PADRAO F|2.08|UN|12.78|5102|60|0.00|12.00|0.00|0.00|0.00|0.00|0.00|0.00|0.00|
|C170|4|PROD008|CONJUNTO MONTADO H|14.64|UN|13345.60|5102|00|11593.13|12.00|1391.18|0.00|0.00|0.00|0.00|0.00|0.00|
|C100|1|0|12345678000195|55|00|000000435|000|14022024|16022024|3581.84|0.00|0.00|0.00|0.00|0.00|0.00|0.00|0.00|0.00|0|55512312300010|
|C170|1|PROD007|PARTE SOBRESSALENTE G|35.15|UN|3581.84|6102|41|0.00|12.00|0.00|0.00|0.00|0.00|0.00|0.00|0.00|
|C100|1|0|12345678000195|55|00|000000436|000|13022024|13022024|62138.73|2391.06|286.92|0.00|0.00|0.00|0.00|0.00|0.00|0.00|0|22244466000133|
|C170|1|PROD008|CONJUNTO MONTADO H|35.31|UN|39412.32|5403|40|0.00|12.00|0.00|0.00|0.00|0.00|0.00|0.00|0.00|
|C170|2|PROD008|CONJUNTO MONTADO H|27.78|UN|20262.32|5403|30|0.00|12.00|0.00|0.00|0.00|0.00|0.00|0.00|0.00|
|C170|3|PROD001|PECA MECANICA TIPO A|45.47|UN|2282.59|5403|20|2225.52|12.00|267.06|0.00|0.00|0.00|0.00|0.00|0.00|
|C170|4|PROD005|INSUMO INDUSTRIAL E|8.13|UN|181.50|5403|20|165.54|12.00|19.86|0.00|0.00|0.00|0.00|0.00|0.00|
|C100|1|0|12345678000195|55|00|000000437|000|26022024|27022024|85411.95|7852.03|942.24|0.00|0.00|0.00|0.00|0.00|0.00|0.00|0|55512312300010|
|C170|1|PROD002|COMPONENTE ELETRICO B|33.49|UN|2142.34|5401|60|0.00|12.00|0.00|0.00|0.00|0.00|0.00|0.00|0.00|
|C170|2|PROD004|PRODUTO ACABADO D|35.24|UN|27464.67|5401|40|0.00|12.00|0.00|0.00|0.00|0.00|0.00|0.00|0.00|
|C170|3|PROD004|PRODUTO ACABADO D|27.93|UN|18141.47|5401|30|0.00|12.00|0.00|0.00|0.00|0.00|0.00|0.00|0.00|
|C170|4|PROD003|MATERIAL BRUTO C|28.79|UN|8733.22|5401|51|7852.03|12.00|942.24|0.00|0.00|0.00|0.00|0.00|0.00|
|C170|5|PROD004|PRODUTO ACABADO D|29.83|UN|28930.25|5401|50|0.00|12.00|0.00|0.00|0.00|0.00|0.00|0.00|0.00|
|C100|1|0|12345678000195|55|00|000000438|000|04022024|04022024|307.59|34.33|4.12|0.00|0.00|0.00|0.00|0.00|0.00|0.00|0|55512312300010|
|C170|1|PROD006|EMBALAGEM PADRAO F|3.87|UN|37.97|6101|20|34.33|12.00|4.12|0.00|0.00|0.00|0.00|0.00|0.00|
|C170|2|PROD006|EMBALAGEM PADRAO F|35.15|UN|269.62|6101|40|0.00|12.00|0.00|0.00|0.00|0.00|0.00|0.00|0.00|
|C100|1|0|12345678000195|55|00|000000439|000|04022024|04022024|22338.97|0.00|0.00|0.00|0.00|0.00|0.00|0.00|0.00|0.00|0|33366699000100|
|C170|1|PROD004|PRODUTO ACABADO D|36.68|UN|22338.97|5403|40|0.00|12.00|0.00|0.00|0.00|0.00|0.00|0.00|0.00|
|C100|1|0|12345678000195|55|00|000000440|000|26022024|29022024|20652.72|6659.26|799.11|0.00|0.00|0.00|0.00|0.00|0.00|0.00|0|99900011000155|
|C170|1|PROD003|MATERIAL BRUTO C|26.22|UN|6266.08|5102|10|5378.63|12.00|645.44|0.00|0.00|0.00|0.00|0.00|0.00|
|C170|2|PROD004|PRODUTO ACABADO D|24.79|UN|12979.80|5102|40|0.00|12.00|0.00|0.00|0.00|0.00|0.00|0.00|0.00|
|C170|3|PROD006|EMBALAGEM PADRAO F|32.91|UN|234.03|5102|00|217.54|12.00|26.10|0.00|0.00|0.00|0.00|0.00|0.00|
|C170|4|PROD002|COMPONENTE ELETRICO B|29.44|UN|1172.81|5102|00|1063.09|12.00|127.57|0.00|0.00|0.00|0.00|0.00|0.00|
|C100|1|0|12345678000195|55|00|000000441|000|22022024|24022024|64433.26|61051.93|7326.23|0.00|0.00|0.00|0.00|0.00|0.00|0.00|0|22244466000133|
|C170|1|PROD005|INSUMO INDUSTRIAL E|8.93|UN|331.75|6102|70|0.00|12.00|0.00|0.00|0.00|0.00|0.00|0.00|0.00|
|C170|2|PROD004|PRODUTO ACABADO D|16.42|UN|15031.81|6102|20|13776.12|12.00|1653.13|0.00|0.00|0.00|0.00|0.00|0.00|
|C170|3|PROD004|PRODUTO ACABADO D|27.34|UN|14052.01|6102|20|13952.93|12.00|1674.35|0.00|0.00|0.00|0.00|0.00|0.00|
|C170|4|PROD003|MATERIAL BRUTO C|38.63|UN|13316.84|6102|00|12330.90|12.00|1479.71|0.00|0.00|0.00|0.00|0.00|0.00|
|C170|5|PROD004|PRODUTO ACABADO D|30.82|UN|21700.85|6102|00|20991.98|12.00|2519.04|0.00|0.00|0.00|0.00|0.00|0.00|
|C100|1|0|12345678000195|55|00|000000442|000|26022024|29022024|4029.39|3607.96|432.96|0.00|0.00|0.00|0.00|0.00|0.00|0.00|0|33366699000100|
|C170|1|PROD007|PARTE SOBRESSALENTE G|21.52|UN|2927.52|5403|00|2662.50|12.00|319.50|0.00|0.00|0.00|0.00|0.00|0.00|
|C170|2|PROD002|COMPONENTE ELETRICO B|17.37|UN|1101.87|5403|00|945.46|12.00|113.46|0.00|0.00|0.00|0.00|0.00|0.00|
|C100|1|0|12345678000195|55|00|000000443|000|06022024|07022024|3665.26|3340.43|400.85|0.00|0.00|0.00|0.00|0.00|0.00|0.00|0|22244466000133|
|C170|1|PROD002|COMPONENTE ELETRICO B|38.34|UN|2103.33|5101|90|1938.75|12.00|232.65|0.00|0.00|0.00|0.00|0.00|0.00|
|C170|2|PROD002|COMPONENTE ELETRICO B|33.18|UN|1561.93|5101|00|1401.68|12.00|168.20|0.00|0.00|0.00|0.00|0.00|0.00|
|C100|1|0|12345678000195|55|00|000000444|000|13022024|13022024|1269.05|1263.80|151.66|0.00|0.00|0.00|0.00|0.00|0.00|0.00|0|55512312300010|
|C170|1|PROD002|COMPONENTE ELETRICO B|35.75|UN|1269.05|5101|10|1263.80|12.00|151.66|0.00|0.00|0.00|0.00|0.00|0.00|
|C100|1|0|12345678000195|55|00|000000445|000|27022024|29022024|92964.24|81164.16|9739.71|0.00|0.00|0.00|0.00|0.00|0.00|0.00|0|99900011000155|
|C170|1|PROD006|EMBALAGEM PADRAO F|6.31|UN|57.54|6101|90|53.06|12.00|6.37|0.00|0.00|0.00|0.00|0.00|0.00|
|C170|2|PROD008|CONJUNTO MONTADO H|25.23|UN|27532.65|6101|00|23729.56|12.00|2847.55|0.00|0.00|0.00|0.00|0.00|0.00|
|C170|3|PROD001|PECA MECANICA TIPO A|29.31|UN|3276.43|6101|10|3242.38|12.00|389.09|0.00|0.00|0.00|0.00|0.00|0.00|
|C170|4|PROD008|CONJUNTO MONTADO H|44.97|UN|60780.09|6101|00|52893.05|12.00|6347.17|0.00|0.00|0.00|0.00|0.00|0.00|
|C170|5|PROD005|INSUMO INDUSTRIAL E|36.20|UN|1317.53|6101|51|1246.11|12.00|149.53|0.00|0.00|0.00|0.00|0.00|0.00|
|C100|1|0|12345678000195|55|00|000000446|000|03022024|04022024|3873.87|3734.25|448.11|0.00|0.00|0.00|0.00|0.00|0.00|0.00|0|22244466000133|
|C170|1|PROD008|CONJUNTO MONTADO H|3.62|UN|3873.87|6102|00|3734.25|12.00|448.11|0.00|0.00|0.00|0.00|0.00|0.00|
|C100|1|0|12345678000195|55|00|000000447|000|11022024|12022024|1196.25|216.83|26.02|0.00|0.00|0.00|0.00|0.00|0.00|0.00|0|22244466000133|
|C170|1|PROD006|EMBALAGEM PADRAO F|27.08|UN|222.88|5403|10|216.83|12.00|26.02|0.00|0.00|0.00|0.00|0.00|0.00|
|C170|2|PROD006|EMBALAGEM PADRAO F|9.27|UN|110.14|5403|70|0.00|12.00|0.00|0.00|0.00|0.00|0.00|0.00|0.00|
|C170|3|PROD007|PARTE SOBRESSALENTE G|9.57|UN|863.23|5403|40|0.00|12.00|0.00|0.00|0.00|0.00|0.00|0.00|0.00|
|C100|1|0|12345678000195|55|00|000000448|000|17022024|19022024|30033.00|12792.85|1535.14|0.00|0.00|0.00|0.00|0.00|0.00|0.00|0|77788899000177|
|C170|1|PROD007|PARTE SOBRESSALENTE G|2.54|UN|395.15|5401|00|374.57|12.00|44.95|0.00|0.00|0.00|0.00|0.00|0.00|
|C170|2|PROD008|CONJUNTO MONTADO H|14.97|UN|15380.22|5401|40|0.00|12.00|0.00|0.00|0.00|0.00|0.00|0.00|0.00|
|C170|3|PROD003|MATERIAL BRUTO C|43.62|UN|14257.63|5401|00|12418.28|12.00|1490.19|0.00|0.00|0.00|0.00|0.00|0.00|
|C100|1|0|12345678000195|55|00|000000449|000|05022024|08022024|40972.81|39299.49|4715.95|0.00|0.00|0.00|0.00|0.00|0.00|0.00|0|77788899000177|
|C170|1|PROD005|INSUMO INDUSTRIAL E|40.96|UN|708.27|5401|20|684.21|12.00|82.11|0.00|0.00|0.00|0.00|0.00|0.00|
|C170|2|PROD006|EMBALAGEM PADRAO F|38.44|UN|257.57|5401|00|243.72|12.00|29.25|0.00|0.00|0.00|0.00|0.00|0.00|
|C170|3|PROD008|CONJUNTO MONTADO H|37.37|UN|38959.27|5401|00|38185.60|12.00|4582.27|0.00|0.00|0.00|0.00|0.00|0.00|
|C170|4|PROD006|EMBALAGEM PADRAO F|28.20|UN|216.00|5401|00|185.96|12.00|22.32|0.00|0.00|0.00|0.00|0.00|0.00|
|C170|5|PROD005|INSUMO INDUSTRIAL E|24.26|UN|831.70|5401|40|0.00|12.00|0.00|0.00|0.00|0.00|0.00|0.00|0.00|
|C100|1|0|12345678000195|55|00|000000450|000|26022024|26022024|17092.24|14340.24|1720.83|0.00|0.00|0.00|0.00|0.00|0.00|0.00|0|55512312300010|
|C170|1|PROD008|CONJUNTO MONTADO H|10.52|UN|10214.91|6101|90|10182.52|12.00|1221.90|0.00|0.00|0.00|0.00|0.00|0.00|
|C170|2|PROD007|PARTE SOBRESSALENTE G|16.93|UN|2092.44|6101|50|0.00|12.00|0.00|0.00|0.00|0.00|0.00|0.00|0.00|
|C170|3|PROD003|MATERIAL BRUTO C|14.07|UN|4701.03|6101|10|4157.72|12.00|498.93|0.00|0.00|0.00|0.00|0.00|0.00|
|C170|4|PROD006|EMBALAGEM PADRAO F|15.97|UN|83.86|6101|60|0.00|12.00|0.00|0.00|0.00|0.00|0.00|0.00|0.00|
|C100|1|0|12345678000195|55|00|000000451|000|17022024|17022024|25378.73|22760.74|2731.29|0.00|0.00|0.00|0.00|0.00|0.00|0.00|0|55512312300010|
|C170|1|PROD004|PRODUTO ACABADO D|21.82|UN|21271.20|6102|00|18892.21|12.00|2267.07|0.00|0.00|0.00|0.00|0.00|0.00|
|C170|2|PROD005|INSUMO INDUSTRIAL E|33.83|UN|835.96|6102|00|717.27|12.00|86.07|0.00|0.00|0.00|0.00|0.00|0.00|
|C170|3|PROD005|INSUMO INDUSTRIAL E|27.05|UN|1004.55|6102|51|957.60|12.00|114.91|0.00|0.00|0.00|0.00|0.00|0.00|
|C170|4|PROD001|PECA MECANICA TIPO A|24.28|UN|2267.02|6102|20|2193.66|12.00|263.24|0.00|0.00|0.00|0.00|0.00|0.00|
|C100|1|0|12345678000195|55|00|000000452|000|01022024|03022024|67098.23|11917.30|1430.08|0.00|0.00|0.00|0.00|0.00|0.00|0.00|0|55512312300010|
|C170|1|PROD001|PECA MECANICA TIPO A|27.40|UN|2110.66|5102|40|0.00|12.00|0.00|0.00|0.00|0.00|0.00|0.00|0.00|
|C170|2|PROD005|INSUMO INDUSTRIAL E|29.39|UN|1224.77|5102|30|0.00|12.00|0.00|0.00|0.00|0.00|0.00|0.00|0.00|
|C170|3|PROD008|CONJUNTO MONTADO H|39.04|UN|51513.09|5102|41|0.00|12.00|0.00|0.00|0.00|0.00|0.00|0.00|0.00|
|C170|4|PROD005|INSUMO INDUSTRIAL E|30.34|UN|705.80|5102|90|650.88|12.00|78.11|0.00|0.00|0.00|0.00|0.00|0.00|
|C170|5|PROD003|MATERIAL BRUTO C|35.45|UN|11543.91|5102|00|11266.42|12.00|1351.97|0.00|0.00|0.00|0.00|0.00|0.00|
|C100|1|0|12345678000195|55|00|000000453|000|09022024|12022024|6870.27|0.00|0.00|0.00|0.00|0.00|0.00|0.00|0.00|0.00|0|77788899000177|
|C170|1|PROD007|PARTE SOBRESSALENTE G|43.23|UN|6870.27|5102|30|0.00|12.00|0.00|0.00|0.00|0.00|0.00|0.00|0.00|
|C100|1|0|12345678000195|55|00|000000454|000|23022024|25022024|2568.84|1771.29|212.55|0.00|0.00|0.00|0.00|0.00|0.00|0.00|0|22244466000133|
|C170|1|PROD002|COMPONENTE ELETRICO B|12.09|UN|661.73|5102|30|0.00|12.00|0.00|0.00|0.00|0.00|0.00|0.00|0.00|
|C170|2|PROD002|COMPONENTE ELETRICO B|12.68|UN|932.63|5102|00|808.51|12.00|97.02|0.00|0.00|0.00|0.00|0.00|0.00|
|C170|3|PROD005|INSUMO INDUSTRIAL E|32.66|UN|974.48|5102|00|962.78|12.00|115.53|0.00|0.00|0.00|0.00|0.00|0.00|
|C100|1|0|12345678000195|55|00|000000455|000|29022024|01032024|11284.99|10515.65|1261.88|0.00|0.00|0.00|0.00|0.00|0.00|0.00|0|77788899000177|
|C170|1|PROD007|PARTE SOBRESSALENTE G|8.14|UN|680.34|5102|00|597.18|12.00|71.66|0.00|0.00|0.00|0.00|0.00|0.00|
|C170|2|PROD008|CONJUNTO MONTADO H|9.61|UN|6741.92|5102|00|6258.55|12.00|751.03|0.00|0.00|0.00|0.00|0.00|0.00|
|C170|3|PROD006|EMBALAGEM PADRAO F|23.60|UN|180.81|5102|00|154.50|12.00|18.54|0.00|0.00|0.00|0.00|0.00|0.00|
|C170|4|PROD005|INSUMO INDUSTRIAL E|42.22|UN|1313.95|5102|51|1298.09|12.00|155.77|0.00|0.00|0.00|0.00|0.00|0.00|
|C170|5|PROD002|COMPONENTE ELETRICO B|34.16|UN|2367.97|5102|00|2207.33|12.00|264.88|0.00|0.00|0.00|0.00|0.00|0.00|
|C100|1|0|12345678000195|55|00|000000456|000|07022024|09022024|10810.17|0.00|0.00|0.00|0.00|0.00|0.00|0.00|0.00|0.00|0|33366699000100|
|C170|1|PROD003|MATERIAL BRUTO C|45.95|UN|10810.17|5403|40|0.00|12.00|0.00|0.00|0.00|0.00|0.00|0.00|0.00|
|C100|1|0|12345678000195|55|00|000000457|000|21022024|22022024|1376.78|1331.97|159.84|0.00|0.00|0.00|0.00|0.00|0.00|0.00|0|33366699000100|
|C170|1|PROD005|INSUMO INDUSTRIAL E|38.00|UN|1376.78|6102|00|1331.97|12.00|159.84|0.00|0.00|0.00|0.00|0.00|0.00|
|C100|1|0|12345678000195|55|00|000000458|000|21022024|22022024|16882.49|12108.50|1453.02|0.00|0.00|0.00|0.00|0.00|0.00|0.00|0|99900011000155|
|C170|1|PROD003|MATERIAL BRUTO C|41.77|UN|13304.90|5102|00|11705.43|12.00|1404.65|0.00|0.00|0.00|0.00|0.00|0.00|
|C170|2|PROD007|PARTE SOBRESSALENTE G|38.88|UN|3163.05|5102|50|0.00|12.00|0.00|0.00|0.00|0.00|0.00|0.00|0.00|
|C170|3|PROD005|INSUMO INDUSTRIAL E|20.81|UN|414.54|5102|10|403.07|12.00|48.37|0.00|0.00|0.00|0.00|0.00|0.00|
|C100|1|0|12345678000195|55|00|000000459|000|24022024|27022024|9361.44|9216.65|1106.00|0.00|0.00|0.00|0.00|0.00|0.00|0.00|0|33366699000100|
|C170|1|PROD003|MATERIAL BRUTO C|45.24|UN|9361.44|5403|20|9216.65|12.00|1106.00|0.00|0.00|0.00|0.00|0.00|0.00|
|C100|1|0|12345678000195|55|00|000000460|000|14022024|16022024|3734.11|3222.47|386.70|0.00|0.00|0.00|0.00|0.00|0.00|0.00|0|22244466000133|
|C170|1|PROD001|PECA MECANICA TIPO A|32.72|UN|3734.11|5101|00|3222.47|12.00|386.70|0.00|0.00|0.00|0.00|0.00|0.00|
|C100|1|0|12345678000195|55|00|000000461|000|23022024|24022024|2424.99|0.00|0.00|0.00|0.00|0.00|0.00|0.00|0.00|0.00|0|55512312300010|
|C170|1|PROD007|PARTE SOBRESSALENTE G|27.54|UN|2424.99|5401|40|0.00|12.00|0.00|0.00|0.00|0.00|0.00|0.00|0.00|
|C100|1|0|12345678000195|55|00|000000462|000|09022024|12022024|35040.49|9965.08|1195.80|0.00|0.00|0.00|0.00|0.00|0.00|0.00|0|99900011000155|
|C170|1|PROD005|INSUMO INDUSTRIAL E|10.91|UN|326.95|5101|10|313.49|12.00|37.62|0.00|0.00|0.00|0.00|0.00|0.00|
|C170|2|PROD003|MATERIAL BRUTO C|28.66|UN|7475.55|5101|10|6869.04|12.00|824.28|0.00|0.00|0.00|0.00|0.00|0.00|
|C170|3|PROD005|INSUMO INDUSTRIAL E|1.76|UN|37.44|5101|20|34.94|12.00|4.19|0.00|0.00|0.00|0.00|0.00|0.00|
|C170|4|PROD002|COMPONENTE ELETRICO B|44.99|UN|2749.67|5101|20|2747.61|12.00|329.71|0.00|0.00|0.00|0.00|0.00|0.00|
|C170|5|PROD004|PRODUTO ACABADO D|33.36|UN|24450.88|5101|40|0.00|12.00|0.00|0.00|0.00|0.00|0.00|0.00|0.00|
|C100|1|0|12345678000195|55|00|000000463|000|01022024|03022024|35182.86|28248.29|3389.80|0.00|0.00|0.00|0.00|0.00|0.00|0.00|0|33366699000100|
|C170|1|PROD002|COMPONENTE ELETRICO B|19.48|UN|1326.90|6101|00|1132.30|12.00|135.88|0.00|0.00|0.00|0.00|0.00|0.00|
|C170|2|PROD004|PRODUTO ACABADO D|5.26|UN|3721.13|6101|40|0.00|12.00|0.00|0.00|0.00|0.00|0.00|0.00|0.00|
|C170|3|PROD001|PECA MECANICA TIPO A|49.42|UN|4043.87|6101|90|3753.91|12.00|450.47|0.00|0.00|0.00|0.00|0.00|0.00|
|C170|4|PROD004|PRODUTO ACABADO D|28.39|UN|26090.96|6101|10|23362.08|12.00|2803.45|0.00|0.00|0.00|0.00|0.00|0.00|
|C100|1|0|12345678000195|55|00|000000464|000|18022024|18022024|44983.04|41134.49|4936.14|0.00|0.00|0.00|0.00|0.00|0.00|0.00|0|55512312300010|
|C170|1|PROD008|CONJUNTO MONTADO H|18.70|UN|19771.39|6101|90|17154.98|12.00|2058.60|0.00|0.00|0.00|0.00|0.00|0.00|
|C170|2|PROD008|CONJUNTO MONTADO H|24.85|UN|22449.60|6101|00|21600.85|12.00|2592.10|0.00|0.00|0.00|0.00|0.00|0.00|
|C170|3|PROD007|PARTE SOBRESSALENTE G|24.93|UN|2762.05|6101|00|2378.66|12.00|285.44|0.00|0.00|0.00|0.00|0.00|0.00|
|C100|1|0|12345678000195|55|00|000000465|000|22022024|23022024|1212.17|1062.53|127.50|0.00|0.00|0.00|0.00|0.00|0.00|0.00|0|99900011000155|
|C170|1|PROD005|INSUMO INDUSTRIAL E|30.02|UN|1212.17|5401|20|1062.53|12.00|127.50|0.00|0.00|0.00|0.00|0.00|0.00|
|C100|1|0|12345678000195|55|00|000000466|000|20022024|23022024|66082.87|34922.51|4190.70|0.00|0.00|0.00|0.00|0.00|0.00|0.00|0|77788899000177|
|C170|1|PROD005|INSUMO INDUSTRIAL E|13.95|UN|484.83|5401|00|421.70|12.00|50.60|0.00|0.00|0.00|0.00|0.00|0.00|
|C170|2|PROD004|PRODUTO ACABADO D|41.34|UN|27549.07|5401|00|25425.48|12.00|3051.06|0.00|0.00|0.00|0.00|0.00|0.00|
|C170|3|PROD007|PARTE SOBRESSALENTE G|41.91|UN|4422.87|5401|41|0.00|12.00|0.00|0.00|0.00|0.00|0.00|0.00|0.00|
|C170|4|PROD008|CONJUNTO MONTADO H|7.20|UN|9291.98|5401|00|9075.33|12.00|1089.04|0.00|0.00|0.00|0.00|0.00|0.00|
|C170|5|PROD008|CONJUNTO MONTADO H|18.99|UN|24334.12|5401|40|0.00|12.00|0.00|0.00|0.00|0.00|0.00|0.00|0.00|
|C100|1|0|12345678000195|55|00|000000467|000|24022024|24022024|24478.09|10062.61|1207.51|0.00|0.00|0.00|0.00|0.00|0.00|0.00|0|55512312300010|
|C170|1|PROD002|COMPONENTE ELETRICO B|3.59|UN|141.55|5101|50|0.00|12.00|0.00|0.00|0.00|0.00|0.00|0.00|0.00|
|C170|2|PROD006|EMBALAGEM PADRAO F|14.64|UN|161.82|5101|90|149.76|12.00|17.97|0.00|0.00|0.00|0.00|0.00|0.00|
|C170|3|PROD003|MATERIAL BRUTO C|46.06|UN|13432.82|5101|60|0.00|12.00|0.00|0.00|0.00|0.00|0.00|0.00|0.00|
|C170|4|PROD003|MATERIAL BRUTO C|44.39|UN|10741.90|5101|00|9912.85|12.00|1189.54|0.00|0.00|0.00|0.00|0.00|0.00|
|C100|1|0|12345678000195|55|00|000000468|000|06022024|07022024|3770.65|3146.80|377.62|0.00|0.00|0.00|0.00|0.00|0.00|0.00|0|99900011000155|
|C170|1|PROD006|EMBALAGEM PADRAO F|21.57|UN|166.70|6102|70|0.00|12.00|0.00|0.00|0.00|0.00|0.00|0.00|0.00|
|C170|2|PROD002|COMPONENTE ELETRICO B|46.29|UN|3412.20|6102|10|3146.80|12.00|377.62|0.00|0.00|0.00|0.00|0.00|0.00|
|C170|3|PROD002|COMPONENTE ELETRICO B|3.89|UN|191.75|6102|40|0.00|12.00|0.00|0.00|0.00|0.00|0.00|0.00|0.00|
|C100|1|0|12345678000195|55|00|000000469|000|03022024|03022024|38263.92|102.68|12.32|0.00|0.00|0.00|0.00|0.00|0.00|0.00|0|55512312300010|
|C170|1|PROD008|CONJUNTO MONTADO H|44.41|UN|34482.14|6101|50|0.00|12.00|0.00|0.00|0.00|0.00|0.00|0.00|0.00|
|C170|2|PROD005|INSUMO INDUSTRIAL E|5.22|UN|104.56|6101|00|102.68|12.00|12.32|0.00|0.00|0.00|0.00|0.00|0.00|
|C170|3|PROD007|PARTE SOBRESSALENTE G|37.45|UN|3677.22|6101|50|0.00|12.00|0.00|0.00|0.00|0.00|0.00|0.00|0.00|
|C100|1|0|12345678000195|55|00|000000470|000|02022024|03022024|358.33|305.37|36.64|0.00|0.00|0.00|0.00|0.00|0.00|0.00|0|22244466000133|
|C170|1|PROD001|PECA MECANICA TIPO A|4.47|UN|358.33|5102|10|305.37|12.00|36.64|0.00|0.00|0.00|0.00|0.00|0.00|
|C100|1|0|12345678000195|55|00|000000471|000|09022024|09022024|18194.55|6349.40|761.93|0.00|0.00|0.00|0.00|0.00|0.00|0.00|0|22244466000133|
|C170|1|PROD007|PARTE SOBRESSALENTE G|7.90|UN|990.91|6101|20|930.43|12.00|111.65|0.00|0.00|0.00|0.00|0.00|0.00|
|C170|2|PROD005|INSUMO INDUSTRIAL E|29.08|UN|1115.55|6101|20|970.22|12.00|116.43|0.00|0.00|0.00|0.00|0.00|0.00|
|C170|3|PROD003|MATERIAL BRUTO C|13.60|UN|4670.30|6101|41|0.00|12.00|0.00|0.00|0.00|0.00|0.00|0.00|0.00|
|C170|4|PROD003|MATERIAL BRUTO C|21.26|UN|6588.07|6101|70|0.00|12.00|0.00|0.00|0.00|0.00|0.00|0.00|0.00|
|C170|5|PROD007|PARTE SOBRESSALENTE G|39.86|UN|4829.72|6101|00|4448.75|12.00|533.85|0.00|0.00|0.00|0.00|0.00|0.00|
|C100|1|0|12345678000195|55|00|000000472|000|26022024|26022024|1050.05|0.00|0.00|0.00|0.00|0.00|0.00|0.00|0.00|0.00|0|33366699000100|
|C170|1|PROD001|PECA MECANICA TIPO A|17.28|UN|1050.05|5102|41|0.00|12.00|0.00|0.00|0.00|0.00|0.00|0.00|0.00|
|C100|1|0|12345678000195|55|00|000000473|000|13022024|14022024|17665.55|0.00|0.00|0.00|0.00|0.00|0.00|0.00|0.00|0.00|0|99900011000155|
|C170|1|PROD001|PECA MECANICA TIPO A|11.45|UN|1279.53|6102|41|0.00|12.00|0.00|0.00|0.00|0.00|0.00|0.00|0.00|
|C170|2|PROD008|CONJUNTO MONTADO H|18.64|UN|16386.02|6102|41|0.00|12.00|0.00|0.00|0.00|0.00|0.00|0.00|0.00|
|C100|1|0|12345678000195|55|00|000000474|000|11022024|12022024|32639.82|11356.32|1362.75|0.00|0.00|0.00|0.00|0.00|0.00|0.00|0|77788899000177|
|C170|1|PROD001|PECA MECANICA TIPO A|22.94|UN|2091.85|5403|00|2003.29|12.00|240.39|0.00|0.00|0.00|0.00|0.00|0.00|
|C170|2|PROD007|PARTE SOBRESSALENTE G|13.32|UN|1384.57|5403|30|0.00|12.00|0.00|0.00|0.00|0.00|0.00|0.00|0.00|
|C170|3|PROD008|CONJUNTO MONTADO H|10.57|UN|9642.00|5403|00|9353.03|12.00|1122.36|0.00|0.00|0.00|0.00|0.00|0.00|
|C170|4|PROD004|PRODUTO ACABADO D|19.75|UN|19177.66|5403|60|0.00|12.00|0.00|0.00|0.00|0.00|0.00|0.00|0.00|
|C170|5|PROD006|EMBALAGEM PADRAO F|48.48|UN|343.74|5403|60|0.00|12.00|0.00|0.00|0.00|0.00|0.00|0.00|0.00|
|C100|1|0|12345678000195|55|00|000000475|000|02022024|04022024|14410.58|13027.39|1563.29|0.00|0.00|0.00|0.00|0.00|0.00|0.00|0|99900011000155|
|C170|1|PROD004|PRODUTO ACABADO D|22.77|UN|14410.58|5401|00|13027.39|12.00|1563.29|0.00|0.00|0.00|0.00|0.00|0.00|
|C100|1|0|12345678000195|55|00|000000476|000|11022024|13022024|28378.99|27978.65|3357.44|0.00|0.00|0.00|0.00|0.00|0.00|0.00|0|99900011000155|
|C170|1|PROD008|CONJUNTO MONTADO H|36.73|UN|25961.13|5101|00|25715.48|12.00|3085.86|0.00|0.00|0.00|0.00|0.00|0.00|
|C170|2|PROD002|COMPONENTE ELETRICO B|45.21|UN|2163.44|5101|00|2043.03|12.00|245.16|0.00|0.00|0.00|0.00|0.00|0.00|
|C170|3|PROD005|INSUMO INDUSTRIAL E|16.16|UN|254.42|5101|90|220.14|12.00|26.42|0.00|0.00|0.00|0.00|0.00|0.00|
|C100|1|0|12345678000195|55|00|000000477|000|04022024|04022024|42638.36|203.98|24.48|0.00|0.00|0.00|0.00|0.00|0.00|0.00|0|77788899000177|
|C170|1|PROD007|PARTE SOBRESSALENTE G|1.94|UN|205.76|5101|00|203.98|12.00|24.48|0.00|0.00|0.00|0.00|0.00|0.00|
|C170|2|PROD008|CONJUNTO MONTADO H|34.42|UN|25392.52|5101|40|0.00|12.00|0.00|0.00|0.00|0.00|0.00|0.00|0.00|
|C170|3|PROD001|PECA MECANICA TIPO A|9.24|UN|477.48|5101|40|0.00|12.00|0.00|0.00|0.00|0.00|0.00|0.00|0.00|
|C170|4|PROD008|CONJUNTO MONTADO H|19.18|UN|16562.60|5101|50|0.00|12.00|0.00|0.00|0.00|0.00|0.00|0.00|0.00|
|C100|1|0|12345678000195|55|00|000000478|000|23022024|23022024|80356.47|52187.88|6262.55|0.00|0.00|0.00|0.00|0.00|0.00|0.00|0|33366699000100|
|C170|1|PROD008|CONJUNTO MONTADO H|33.68|UN|27869.25|6102|60|0.00|12.00|0.00|0.00|0.00|0.00|0.00|0.00|0.00|
|C170|2|PROD008|CONJUNTO MONTADO H|39.46|UN|52487.22|6102|10|52187.88|12.00|6262.55|0.00|0.00|0.00|0.00|0.00|0.00|
|C100|1|0|12345678000195|55|00|000000479|000|06022024|09022024|418.66|0.00|0.00|0.00|0.00|0.00|0.00|0.00|0.00|0.00|0|55512312300010|
|C170|1|PROD001|PECA MECANICA TIPO A|6.44|UN|418.66|6102|40|0.00|12.00|0.00|0.00|0.00|0.00|0.00|0.00|0.00|
|C100|1|0|12345678000195|55|00|000000480|000|29022024|02032024|16912.54|2153.85|258.46|0.00|0.00|0.00|0.00|0.00|0.00|0.00|0|77788899000177|
|C170|1|PROD003|MATERIAL BRUTO C|47.84|UN|13100.16|6102|41|0.00|12.00|0.00|0.00|0.00|0.00|0.00|0.00|0.00|
|C170|2|PROD006|EMBALAGEM PADRAO F|35.51|UN|387.36|6102|20|361.26|12.00|43.35|0.00|0.00|0.00|0.00|0.00|0.00|
|C170|3|PROD005|INSUMO INDUSTRIAL E|46.61|UN|1590.23|6102|40|0.00|12.00|0.00|0.00|0.00|0.00|0.00|0.00|0.00|
|C170|4|PROD001|PECA MECANICA TIPO A|18.94|UN|984.23|6102|00|947.47|12.00|113.70|0.00|0.00|0.00|0.00|0.00|0.00|
|C170|5|PROD003|MATERIAL BRUTO C|4.22|UN|850.56|6102|10|845.12|12.00|101.41|0.00|0.00|0.00|0.00|0.00|0.00|
|C100|1|0|12345678000195|55|00|000000481|000|07022024|09022024|1642.16|1426.89|171.23|0.00|0.00|0.00|0.00|0.00|0.00|0.00|0|99900011000155|
|C170|1|PROD002|COMPONENTE ELETRICO B|44.97|UN|1642.16|6102|00|1426.89|12.00|171.23|0.00|0.00|0.00|0.00|0.00|0.00|
|C100|1|0|12345678000195|55|00|000000482|000|29022024|01032024|1252.01|1166.14|139.94|0.00|0.00|0.00|0.00|0.00|0.00|0.00|0|55512312300010|
|C170|1|PROD005|INSUMO INDUSTRIAL E|35.24|UN|1252.01|5403|00|1166.14|12.00|139.94|0.00|0.00|0.00|0.00|0.00|0.00|
|C100|1|0|12345678000195|55|00|000000483|000|04022024|05022024|28290.49|1896.28|227.55|0.00|0.00|0.00|0.00|0.00|0.00|0.00|0|99900011000155|
|C170|1|PROD008|CONJUNTO MONTADO H|27.73|UN|26126.60|6102|41|0.00|12.00|0.00|0.00|0.00|0.00|0.00|0.00|0.00|
|C170|2|PROD005|INSUMO INDUSTRIAL E|45.56|UN|1527.04|6102|10|1308.45|12.00|157.01|0.00|0.00|0.00|0.00|0.00|0.00|
|C170|3|PROD002|COMPONENTE ELETRICO B|20.01|UN|636.85|6102|20|587.83|12.00|70.54|0.00|0.00|0.00|0.00|0.00|0.00|
|C100|1|0|12345678000195|55|00|000000484|000|01022024|01022024|48541.62|38833.79|4660.06|0.00|0.00|0.00|0.00|0.00|0.00|0.00|0|99900011000155|
|C170|1|PROD004|PRODUTO ACABADO D|36.14|UN|26352.56|5403|00|25148.72|12.00|3017.85|0.00|0.00|0.00|0.00|0.00|0.00|
|C170|2|PROD008|CONJUNTO MONTADO H|12.84|UN|13293.12|5403|00|12655.49|12.00|1518.66|0.00|0.00|0.00|0.00|0.00|0.00|
|C170|3|PROD007|PARTE SOBRESSALENTE G|36.12|UN|5652.52|5403|40|0.00|12.00|0.00|0.00|0.00|0.00|0.00|0.00|0.00|
|C170|4|PROD001|PECA MECANICA TIPO A|28.94|UN|2032.74|5403|40|0.00|12.00|0.00|0.00|0.00|0.00|0.00|0.00|0.00|
|C170|5|PROD005|INSUMO INDUSTRIAL E|48.20|UN|1210.68|5403|00|1029.58|12.00|123.55|0.00|0.00|0.00|0.00|0.00|0.00|
|C100|1|0|12345678000195|55|00|000000485|000|15022024|18022024|10017.73|9036.30|1084.36|0.00|0.00|0.00|0.00|0.00|0.00|0.00|0|22244466000133|
|C170|1|PROD003|MATERIAL BRUTO C|41.59|UN|8773.42|5102|00|7956.81|12.00|954.82|0.00|0.00|0.00|0.00|0.00|0.00|
|C170|2|PROD002|COMPONENTE ELETRICO B|13.50|UN|1072.44|5102|00|928.59|12.00|111.43|0.00|0.00|0.00|0.00|0.00|0.00|
|C170|3|PROD006|EMBALAGEM PADRAO F|27.32|UN|171.87|5102|00|150.90|12.00|18.11|0.00|0.00|0.00|0.00|0.00|0.00|
|C100|1|0|12345678000195|55|00|000000486|000|23022024|24022024|6473.75|1174.25|140.91|0.00|0.00|0.00|0.00|0.00|0.00|0.00|0|99900011000155|
|C170|1|PROD003|MATERIAL BRUTO C|4.42|UN|1371.83|5102|00|1174.25|12.00|140.91|0.00|0.00|0.00|0.00|0.00|0.00|
|C170|2|PROD007|PARTE SOBRESSALENTE G|44.86|UN|5101.92|5102|40|0.00|12.00|0.00|0.00|0.00|0.00|0.00|0.00|0.00|
|C100|1|0|12345678000195|55|00|000000487|000|08022024|08022024|66712.09|40259.82|4831.18|0.00|0.00|0.00|0.00|0.00|0.00|0.00|0|33366699000100|
|C170|1|PROD005|INSUMO INDUSTRIAL E|6.72|UN|170.38|6102|20|165.13|12.00|19.82|0.00|0.00|0.00|0.00|0.00|0.00|
|C170|2|PROD004|PRODUTO ACABADO D|31.20|UN|15695.83|6102|60|0.00|12.00|0.00|0.00|0.00|0.00|0.00|0.00|0.00|
|C170|3|PROD003|MATERIAL BRUTO C|17.39|UN|6022.33|6102|60|0.00|12.00|0.00|0.00|0.00|0.00|0.00|0.00|0.00|
|C170|4|PROD001|PECA MECANICA TIPO A|17.37|UN|1934.15|6102|40|0.00|12.00|0.00|0.00|0.00|0.00|0.00|0.00|0.00|
|C170|5|PROD008|CONJUNTO MONTADO H|39.71|UN|42889.40|6102|10|40094.69|12.00|4811.36|0.00|0.00|0.00|0.00|0.00|0.00|
|C100|1|0|12345678000195|55|00|000000488|000|03022024|04022024|27919.10|10905.02|1308.61|0.00|0.00|0.00|0.00|0.00|0.00|0.00|0|77788899000177|
|C170|1|PROD007|PARTE SOBRESSALENTE G|21.54|UN|3108.15|6101|00|2645.88|12.00|317.51|0.00|0.00|0.00|0.00|0.00|0.00|
|C170|2|PROD003|MATERIAL BRUTO C|35.02|UN|9406.97|6101|10|8259.14|12.00|991.10|0.00|0.00|0.00|0.00|0.00|0.00|
|C170|3|PROD004|PRODUTO ACABADO D|13.54|UN|13156.86|6101|60|0.00|12.00|0.00|0.00|0.00|0.00|0.00|0.00|0.00|
|C170|4|PROD002|COMPONENTE ELETRICO B|35.05|UN|1294.40|6101|60|0.00|12.00|0.00|0.00|0.00|0.00|0.00|0.00|0.00|
|C170|5|PROD007|PARTE SOBRESSALENTE G|6.61|UN|952.72|6101|50|0.00|12.00|0.00|0.00|0.00|0.00|0.00|0.00|0.00|
|C100|1|0|12345678000195|55|00|000000489|000|23022024|23022024|14034.37|0.00|0.00|0.00|0.00|0.00|0.00|0.00|0.00|0.00|0|77788899000177|
|C170|1|PROD004|PRODUTO ACABADO D|5.85|UN|5158.12|5102|40|0.00|12.00|0.00|0.00|0.00|0.00|0.00|0.00|0.00|
|C170|2|PROD008|CONJUNTO MONTADO H|9.38|UN|8876.25|5102|60|0.00|12.00|0.00|0.00|0.00|0.00|0.00|0.00|0.00|
|C100|1|0|12345678000195|55|00|000000490|000|17022024|20022024|230.84|0.00|0.00|0.00|0.00|0.00|0.00|0.00|0.00|0.00|0|55512312300010|
|C170|1|PROD006|EMBALAGEM PADRAO F|28.71|UN|230.84|6102|41|0.00|12.00|0.00|0.00|0.00|0.00|0.00|0.00|0.00|
|C100|1|0|12345678000195|55|00|000000491|000|14022024|15022024|13275.95|12835.86|1540.30|0.00|0.00|0.00|0.00|0.00|0.00|0.00|0|99900011000155|
|C170|1|PROD003|MATERIAL BRUTO C|44.16|UN|12599.91|6101|20|12548.53|12.00|1505.82|0.00|0.00|0.00|0.00|0.00|0.00|
|C170|2|PROD005|INSUMO INDUSTRIAL E|9.21|UN|309.78|6101|10|287.33|12.00|34.48|0.00|0.00|0.00|0.00|0.00|0.00|
|C170|3|PROD006|EMBALAGEM PADRAO F|35.73|UN|366.26|6101|41|0.00|12.00|0.00|0.00|0.00|0.00|0.00|0.00|0.00|
|C100|1|0|12345678000195|55|00|000000492|000|16022024|17022024|51521.83|23118.58|2774.23|0.00|0.00|0.00|0.00|0.00|0.00|0.00|0|77788899000177|
|C170|1|PROD008|CONJUNTO MONTADO H|9.45|UN|9979.34|5101|10|9802.81|12.00|1176.34|0.00|0.00|0.00|0.00|0.00|0.00|
|C170|2|PROD005|INSUMO INDUSTRIAL E|43.45|UN|1422.82|5101|90|1238.87|12.00|148.66|0.00|0.00|0.00|0.00|0.00|0.00|
|C170|3|PROD002|COMPONENTE ELETRICO B|36.40|UN|2046.24|5101|00|1793.83|12.00|215.26|0.00|0.00|0.00|0.00|0.00|0.00|
|C170|4|PROD008|CONJUNTO MONTADO H|11.47|UN|10397.51|5101|00|10283.07|12.00|1233.97|0.00|0.00|0.00|0.00|0.00|0.00|
|C170|5|PROD004|PRODUTO ACABADO D|48.99|UN|27675.92|5101|70|0.00|12.00|0.00|0.00|0.00|0.00|0.00|0.00|0.00|
|C100|1|0|12345678000195|55|00|000000493|000|09022024|09022024|9260.98|1001.77|120.21|0.00|0.00|0.00|0.00|0.00|0.00|0.00|0|55512312300010|
|C170|1|PROD004|PRODUTO ACABADO D|7.45|UN|6406.26|5401|30|0.00|12.00|0.00|0.00|0.00|0.00|0.00|0.00|0.00|
|C170|2|PROD003|MATERIAL BRUTO C|6.38|UN|1678.29|5401|70|0.00|12.00|0.00|0.00|0.00|0.00|0.00|0.00|0.00|
|C170|3|PROD002|COMPONENTE ELETRICO B|18.64|UN|1176.43|5401|00|1001.77|12.00|120.21|0.00|0.00|0.00|0.00|0.00|0.00|
|C100|1|0|12345678000195|55|00|000000494|000|24022024|24022024|339.75|0.00|0.00|0.00|0.00|0.00|0.00|0.00|0.00|0.00|0|77788899000177|
|C170|1|PROD006|EMBALAGEM PADRAO F|48.95|UN|339.75|5102|40|0.00|12.00|0.00|0.00|0.00|0.00|0.00|0.00|0.00|
|C100|1|0|12345678000195|55|00|000000495|000|08022024|09022024|51104.51|11118.62|1334.24|0.00|0.00|0.00|0.00|0.00|0.00|0.00|0|77788899000177|
|C170|1|PROD004|PRODUTO ACABADO D|12.94|UN|10929.58|5102|00|10563.73|12.00|1267.65|0.00|0.00|0.00|0.00|0.00|0.00|
|C170|2|PROD007|PARTE SOBRESSALENTE G|7.40|UN|647.44|5102|10|554.89|12.00|66.59|0.00|0.00|0.00|0.00|0.00|0.00|
|C170|3|PROD002|COMPONENTE ELETRICO B|13.42|UN|548.07|5102|40|0.00|12.00|0.00|0.00|0.00|0.00|0.00|0.00|0.00|
|C170|4|PROD008|CONJUNTO MONTADO H|41.42|UN|38979.42|5102|41|0.00|12.00|0.00|0.00|0.00|0.00|0.00|0.00|0.00|
|C100|1|0|12345678000195|55|00|000000496|000|27022024|01032024|36319.54|5708.11|684.97|0.00|0.00|0.00|0.00|0.00|0.00|0.00|0|77788899000177|
|C170|1|PROD003|MATERIAL BRUTO C|7.47|UN|1573.42|5403|00|1375.62|12.00|165.07|0.00|0.00|0.00|0.00|0.00|0.00|
|C170|2|PROD008|CONJUNTO MONTADO H|30.31|UN|30040.18|5403|60|0.00|12.00|0.00|0.00|0.00|0.00|0.00|0.00|0.00|
|C170|3|PROD001|PECA MECANICA TIPO A|34.60|UN|3528.22|5403|20|3199.10|12.00|383.89|0.00|0.00|0.00|0.00|0.00|0.00|
|C170|4|PROD005|INSUMO INDUSTRIAL E|30.80|UN|1177.72|5403|00|1133.39|12.00|136.01|0.00|0.00|0.00|0.00|0.00|0.00|
|C100|1|0|12345678000195|55|00|000000497|000|07022024|07022024|7772.54|1114.31|133.72|0.00|0.00|0.00|0.00|0.00|0.00|0.00|0|99900011000155|
|C170|1|PROD002|COMPONENTE ELETRICO B|14.52|UN|930.67|5101|10|812.13|12.00|97.46|0.00|0.00|0.00|0.00|0.00|0.00|
|C170|2|PROD008|CONJUNTO MONTADO H|4.98|UN|6510.12|5101|70|0.00|12.00|0.00|0.00|0.00|0.00|0.00|0.00|0.00|
|C170|3|PROD005|INSUMO INDUSTRIAL E|21.57|UN|331.75|5101|00|302.18|12.00|36.26|0.00|0.00|0.00|0.00|0.00|0.00|
|C100|1|0|12345678000195|55|00|000000498|000|27022024|01032024|61506.46|41845.37|5021.44|0.00|0.00|0.00|0.00|0.00|0.00|0.00|0|33366699000100|
|C170|1|PROD008|CONJUNTO MONTADO H|20.31|UN|16388.57|5403|40|0.00|12.00|0.00|0.00|0.00|0.00|0.00|0.00|0.00|
|C170|2|PROD008|CONJUNTO MONTADO H|40.41|UN|38523.74|5403|00|36103.76|12.00|4332.45|0.00|0.00|0.00|0.00|0.00|0.00|
|C170|3|PROD001|PECA MECANICA TIPO A|39.16|UN|4105.25|5403|10|3511.74|12.00|421.41|0.00|0.00|0.00|0.00|0.00|0.00|
|C170|4|PROD002|COMPONENTE ELETRICO B|48.30|UN|2488.90|5403|00|2229.87|12.00|267.58|0.00|0.00|0.00|0.00|0.00|0.00|
|C100|1|0|12345678000195|55|00|000000499|000|23022024|24022024|16640.41|11013.72|1321.65|0.00|0.00|0.00|0.00|0.00|0.00|0.00|0|77788899000177|
|C170|1|PROD003|MATERIAL BRUTO C|10.30|UN|3367.57|6101|10|3081.58|12.00|369.79|0.00|0.00|0.00|0.00|0.00|0.00|
|C170|2|PROD003|MATERIAL BRUTO C|41.87|UN|8928.98|6101|90|7932.14|12.00|951.86|0.00|0.00|0.00|0.00|0.00|0.00|
|C170|3|PROD005|INSUMO INDUSTRIAL E|39.51|UN|1302.51|6101|60|0.00|12.00|0.00|0.00|0.00|0.00|0.00|0.00|0.00|
|C170|4|PROD002|COMPONENTE ELETRICO B|37.20|UN|3041.35|6101|40|0.00|12.00|0.00|0.00|0.00|0.00|0.00|0.00|0.00|
|C100|1|0|12345678000195|55|00|000000500|000|09022024|10022024|36777.52|27704.74|3324.56|0.00|0.00|0.00|0.00|0.00|0.00|0.00|0|33366699000100|
|C170|1|PROD007|PARTE SOBRESSALENTE G|49.33|UN|7696.96|5101|40|0.00|12.00|0.00|0.00|0.00|0.00|0.00|0.00|0.00|
|C170|2|PROD006|EMBALAGEM PADRAO F|37.26|UN|428.81|5101|00|379.93|12.00|45.59|0.00|0.00|0.00|0.00|0.00|0.00|
|C170|3|PROD008|CONJUNTO MONTADO H|16.25|UN|20704.88|5101|00|19465.03|12.00|2335.80|0.00|0.00|0.00|0.00|0.00|0.00|
|C170|4|PROD005|INSUMO INDUSTRIAL E|34.45|UN|762.08|5101|00|686.50|12.00|82.38|0.00|0.00|0.00|0.00|0.00|0.00|
|C170|5|PROD004|PRODUTO ACABADO D|12.73|UN|7184.79|5101|90|7173.28|12.00|860.79|0.00|0.00|0.00|0.00|0.00|0.00|
|C990|2019|
|E001|0|
|E100|01022024|29022024|
|E110|788711.32|0.00|0.00|788711.32|194.82|0.00|0.00|0.00|0.00|0.00|307161.21|307161.21|0.00|0.00|0.00|0.00|0.00|0.00|0.00|0.00|481355.29|
|E990|4|
|9001|0|
|9900|0000|1|
|9900|0001|1|
|9900|0005|1|
|9900|0150|5|
|9900|0990|1|
|9900|9001|1|
|9900|C001|1|
|9900|C100|500|
|9900|C170|1517|
|9900|C990|1|
|9900|E001|1|
|9900|E100|1|
|9900|E110|1|
|9900|E990|1|
|9990|17|
|9999|2049|
